3042 4804
675 252 883 300 ..20-

220 406 330 488 Quam
353 404 553 468 Simonidem
576 425 706 488 quoque
732 406 918 470 adhibuisse
945 415 1034 470 certo
1057 407 1130 470 licet
1152 407 1298 470 concludi
1321 429 1338 470 e

217 506 253 571 sr.
280 523 321 586 30
343 508 499 588 scriptura
520 506 748 588 aliquantulum
775 510 954 590 depravata
981 509 1178 593 στοέφοιαν,
1206 530 1250 572 ex
1276 529 1338 590 qua

219 610 319 672 critici
346 627 419 671 cum
442 617 614 672 contextus
641 609 816 672 verborum
847 611 992 692 participi
1027 630 1129 672 accus.
1154 612 1339 692 requireret,

218 710 453 773 consentientes
477 710 680 794 στρέφοισαν
698 720 920 792 reposuerunt.
965 710 1078 792 Atque
1101 712 1187 774 haud
1209 714 1276 775 scio
1299 733 1340 774 an

219 814 252 874 in
274 810 309 873 lr.
333 814 373 891 78
397 813 552 893 στίζουοο
575 813 641 876 iure
663 813 695 874 in
722 814 870 895 οτίςοιοα
897 814 1120 888 emendemus,
1152 816 1338 896 praesertim

218 934 292 975 cum
315 914 345 976 in
368 913 503 977 frustillo
522 923 589 976 tam
612 915 733 995 exiguo
753 913 898 978 facillime
916 914 1058 995 vulgaris
1081 913 1186 978 forma
1203 917 1341 998 irrepere

219 1017 369 1096 potuerit.
398 1014 535 1079 Aeolica
552 1016 720 1097 participia
738 1015 887 1096 leguntur
902 1017 933 1078 in
948 1013 1342 1101 Telesillae(1psriyoroa)

218 1127 251 1180 et
274 1117 433 1180 Praxillae
454 1129 483 1196 (5
509 1115 721 1200 ἒμβλέποιοα)
747 1116 943 1198 fragmentis.
992 1117 1093 1199 Apud
1121 1116 1341 1182 Stesichorum

219 1240 298 1282 vero
321 1219 434 1282 habes.
445 1221 603 1284 κλείουσα
627 1221 691 1299 (32)
714 1227 747 1282 et
770 1214 892 1284 ἑκοῦσα
913 1221 966 1298 (38
990 1219 1063 1282 sem.
1086 1221 1147 1286 adi.
1170 1217 1281 1298 ἑκών).

304 1321 359 1382 Ad
381 1320 439 1382 has
463 1321 703 1401 participiorum
728 1319 847 1384 lormas
877 1340 912 1384 se
940 1321 1082 1402 applicat
1105 1322 1341 1386 substantivum

219 1443 322 1502 aeque
349 1421 522 1484 formatum
549 1426 677 1501 Μοῖσα,
712 1442 795 1502 quae
822 1421 893 1484 sola
920 1421 1024 1485 forma
1053 1425 1138 1505 apud
1168 1424 1343 1486 Pindarum

224 1525 380 1605 (Peterp.
408 1526 456 1601 18)
479 1524 603 1604 legitur.
648 1525 761 1586 Item
754 1545 785 1586 m
808 1522 966 1603 Tynnichi
996 1523 1176 1604 fragmento
1207 1529 1342 1591 Μοισᾶν

222 1626 399 1689 exhibetur
443 1626 478 1687 ln
497 1623 672 1688 Simonidis
695 1646 774 1688 vero
797 1624 985 1706 fragmentis
1009 1626 1058 1689 bis
1081 1629 1218 1690 occurrit
1241 1626 1344 1689 lorma

221 1729 360 1808 vulgaris
384 1729 436 1806 (46
457 1731 590 1805 Μοῦσα,
612 1745 656 1804 44
677 1731 840 1805 Μουσᾶν).
876 1727 925 1790 At
947 1726 1027 1790 hic
1020 1748 1089 1809 ipse
1107 1748 1179 1808 gen.
1200 1733 1343 1794 Μουσᾶν

221 1831 330 1892 nescio
359 1849 399 1891 an
427 1828 568 1892 declaret
595 1831 692 1892 etiam
720 1828 805 1890 hunc
833 1835 966 1909 poe'tam
997 1829 1119 1892 aeolice
1145 1834 1280 1896 Μοισᾶν
1313 1841 1345 1892 et

222 1937 338 1998 Moloni
361 1932 541 2012 scripsisse,
568 1951 647 2011 quas
671 1931 802 2011 quidem
826 1929 992 1992 sormas
966 1952 994 1992 er
1017 1932 1135 1994 iamdiu
1158 1934 1255 1994 critici
1277 1935 1344 1995 vin·

222 2035 374 2096 dicarunt.
404 2032 607 2096 Stesichorus
627 2032 661 2095 fr.
674 2049 712 2112 32
728 2042 811 2109 et44
829 2032 932 2095 forma
942 2035 1064 2098 Μουοα
1083 2042 1132 2094 est
1150 2054 1225 2096 usus
1241 2054 1345 2114 neque

222 2137 253 2197 in
275 2135 390 2198 Bacch.
415 2138 454 2198 28
473 2139 597 2200 Μοῦσα
617 2143 666 2196 est
688 2133 834 2196 tollenda
853 2134 896 2196 ob
920 2153 1050 2195 causam
1072 2155 1169 2216 supra
1191 2137 1232 2198 de
1254 2137 1344 2198 huius

221 2238 391 2319 fragmenti
411 2236 600 2298 condicione
617 2236 797 2299 indicatam.
831 2235 958 2297 Deinde
974 2235 1078 2297 forma
1092 2240 1215 2302 Μοῦσα
1233 2246 1341 2300 exstat

222 2343 253 2402 in
276 2340 417 2402 Timocr.
441 2346 515 2399 zet
538 2337 620 2400 Prat
647 2351 672 2417 5,
698 2337 752 2398 ubi
775 2356 838 2398 non
862 2356 905 2417 po
908 2344 972 2400 test
994 2340 1144 2402 constitui
1167 2349 1273 2402 utrum
1300 2339 1341 2401 sit

223 2443 361 2522 genuina
387 2461 503 2518 necne,
533 2459 606 2502 cum
629 2439 690 2501 alia
712 2459 796 2518 quae
824 2437 886 2500 huc
908 2441 1069 2519 pertinent
1092 2440 1242 2522 exempla
1266 2440 1341 2502 defi·

224 2546 316 2607 ciant
360 2543 395 2604 In
417 2542 543 2606 Eumeli
565 2540 721 2623 prosodio
744 2541 948 2621 componitur
966 2541 1087 2604 aeolica
1111 2540 1214 2604 forma
1228 2547 1342 2608 Μοῖσα

224 2667 297 2710 cum
320 2645 444 2726 vulgari
472 2641 605 2726 ἔχουσα,
634 2662 769 2722 quarum
796 2641 895 2704 altera
917 2643 973 2704 vix
995 2652 1106 2724 potest
1129 2644 1264 2708 delendi.
1307 2645 1342 2706 ln

223 2747 400 2828 Terpandri
428 2767 507 2808 vero
537 2745 573 2806 lr
600 2746 621 2806 6
648 2745 802 2806 Arrianus
834 2742 1006 2806 laconicam
1029 2749 1149 2820 Moioa,
1180 2765 1263 2825 quae
1295 2754 1343 2807 est

224 2850 391 2914 Alcmanis
411 2847 456 2929 (l.r
484 2861 570 2926 1·,7;
593 2858 649 2925 45,
675 2858 727 2926 59,
751 2845 811 2925 85),
834 2844 1020 2908 Plutarchus
1039 2846 1223 2928 vulgarem
1222 2851 1344 2912 Μοῦσα

224 2953 329 3015 tradit.
383 2950 436 3014 Ob
468 2949 554 3010 illam
582 2948 710 3010 Arriani
737 2949 928 3028 scripturam
955 2947 1093 3027 Bergk
1082 2968 1118 3009 m
1146 2948 1242 3030 Terp
1267 2949 1301 3011 sr.
1278 2965 1341 3026 r3

225 3056 320 3119 codd.
344 3050 510 3130 Μουσαις,
541 3045 763 3133 Μουσάρχῳ
756 3070 787 3110 ιιι
809 3045 963 3128 Μώσαις,
985 3045 1167 3134 Μιοοάρχῳ
1195 3052 1345 3122 mutavit;

224 3159 310 3220 haud
334 3159 401 3218 scio
424 3175 499 3216 num
518 3155 594 3214 iure.
639 3152 723 3213 Nam
748 3151 783 3212 fr.
805 3152 967 3232 6pariter
989 3159 1087 3230 atque
1109 3151 1143 3213 lr.
1169 3166 1184 3231 5
1209 3151 1345 3214 heroicis

192 3308 198 3316 .
226 3259 370 3323 versibus
394 3266 468 3320 sunt
491 3256 673 3335 conscripta
693 3262 726 3316 et
743 3254 893 3334 vulgares
913 3253 1118 3334 potissimum
1138 3252 1258 3316 formas
1275 3254 1345 3331 (ool,

225 3359 325 3447 ἡ,μεῑς
348 3355 563 3442 τετοάγηρυν,
585 3357 694 3436 νέους,
716 3347 854 3440 ὕμνους)
877 3357 1091 3436 suppeditant.
1135 3355 1282 3436 Denique
1305 3375 1347 3417 ex

228 3463 332 3527 Cram.
355 3464 441 3526 Ann.
462 3459 551 3523 Oxx.
570 3460 678 3539 I,278,
705 3475 754 3536 13:
777 3456 814 3522 ἐκ
836 3461 901 3521 τοῦ
922 3457 1239 3541 μοῦοακοὶμουσῶ
1261 3455 1347 3542 <rippa

225 3563 315 3648 παρὰ
338 3563 601 3648 Συρακουσίοις·
629 3557 770 3645 Ῥηγῖνοι
793 3559 829 3624 δὲ
856 3559 988 3643 λέγουσι
1004 3562 1113 3643 μοῦσα
1136 3559 1220 3640 (lege
1236 3560 1348 3643 μοῖσα)

327 3664 392 3732 .τό
420 3661 611 3730 Βοιωτικὸν
637 3657 851 3746 pouooicovlil
872 3659 913 3725 τὸ
938 3657 1087 3744 Ῥηγινὸν
1117 3664 1239 3745 μοιοᾶν
1265 3662 1349 3742 quis-

226 3717 312 3852 piam
275 3714 481 3831 Usortasse
518 3764 720 3840 concluserit,
757 3763 1003 3843 grammaticum
1034 3765 1066 3826 id
1103 3764 1192 3844 quod
1224 3763 1349 3844 saepius

227 3873 296 3935 fieri
314 3857 397 3934 solet
384 3871 534 3948 t.5(cl
481 3871 534 3952 35
540 3869 627 3943 ..Ial
650 3865 779 3948 duviani
791 3861 934 3949 Ῥηγῖνοι
952 3866 994 3928 ad
1012 3864 1147 3944 lbycum
1166 3864 1349 3945 Rheginum

228 3983 319 4056 spect
322 3994 409 4048 asse,
447 3973 534 4034 cuius
567 3972 608 4031 ad
641 3969 756 4030 dialect
743 3975 812 4029 turn
841 3973 1058 4048 temperatam
1080 3968 1205 4048 optime
1227 3966 1351 4030 aeolica

229 4079 332 4140 forma
354 4080 467 4143 Μοῖσα
496 4074 641 4154 quadret.
702 4069 787 4131 Tum
818 4089 883 4130 non
915 4079 965 4132 est
1003 4090 1085 4151 opus
1118 4067 1341 4132 Ahrentisl
1296 4069 1350 4148 (ΙΙ,

233 4182 302 4258 106)
325 4178 523 4241 coniecturis
