3042 4804
709 259 956 352 ...50...'

708 543 830 626 Caput
848 543 919 609 Vll.

409 670 477 730 'De
502 671 702 729 nominum
728 674 766 727 et
788 669 1001 728 verborum
1025 665 1204 728 flexione.

768 837 787 917 S
813 849 859 915 15.
899 897 901 902 .

382 1014 384 1022 .
705 957 746 1006 De
763 957 916 1008 nominibus.

261 1071 264 1078 '
336 1058 359 1122 Ι.
395 1058 670 1120 Nominativus
693 1057 919 1138 singularis.
952 1054 1104 1138 Stirpium
1129 1058 1371 1120 inconsonas

250 1163 436 1224 exeuntium
459 1160 591 1224 notandi
613 1168 687 1224 sunt
708 1159 904 1222 nominativi:
974 1219 977 1226 .

341 1281 376 1340 1.‚
407 1261 483 1346 ἔρος
504 1262 551 1328 lb.
583 1279 614 1337 13
646 1277 673 1323 2.
708 1261 872 1324 Homerus
899 1259 1033 1324 exhibet
1062 1270 1188 1343 praeter
1215 1259 1290 1346 ἔρος
1317 1267 1369 1341 (st.

249 1363 320 1449 ἐρα)
343 1366 392 1428 bis
416 1361 500 1447 ἐ’ρως
523 1364 573 1444 (st.
596 1363 705 1447 ἐρωτ),
732 1364 886 1426 Pindarus
912 1383 991 1425 vero
1020 1379 1149 1444 semper
1171 1361 1265 1447 ἐ’ρως,
1288 1361 1370 1448 ἔρω-

249 1492 311 1560 τος
331 1476 401 1543 etc,
424 1487 565 1548 quocum
588 1467 749 1529 consentit
771 1464 887 1545 Phryn.
912 1482 930 1528 2
954 1463 1088 1551 ἔρωτος.
1194 1531 1197 1546 ,

337 1575 377 1645 2.,
398 1574 471 1652 φῶς
492 1569 608 1648 Phryn.
631 1586 659 1643 2,
682 1587 778 1649 quam
806 1568 944 1631 formam
972 1578 1170 1632 contractam
1192 1572 1218 1631 si
1241 1580 1290 1632 est
1313 1589 1368 1651 ge-

249 1673 343 1734 nuina
366 1693 408 1735 ex
431 1671 545 1734 Attica
565 1670 705 1734 dialecto
728 1673 886 1752 recepisse
907 1671 1042 1732 videtur.
1077 1671 1176 1752 Apud
1194 1671 1367 1734 Pindarum

249 1795 377 1856 semper
406 1773 522 1855 legitur
552 1770 650 1854 φάος,
682 1775 767 1854 apud
798 1772 999 1836 Simonidem
1028 1768 1136 1853 φόως,
1167 1776 1225 1836 sed
1248 1775 1278 1835 in
1303 1775 1367 1856 epi-

248 1884 430 1960 grammate
453 1877 549 1957 (131).

335 1997 371 2060 3.,
393 1977 610 2063 κέαρΒααεΙῑ.
638 1995 685 2058 13,
711 1995 763 2053 113
790 1993 836 2058 19,
858 1982 890 2053 03
919 1992 968 2058 27,
997 1995 1030 2040 11
1058 1988 1090 2040 et
1112 1979 1264 2042 Pindarus
1288 1981 1368 2057 (sae-

247 2083 337 2165 pius),
360 2103 442 2163 quae
465 2081 569 2144 forma
593 2082 722 2161 tragicis
746 2099 876 2161 quoque
901 2082 1018 2142 usitata
1040 2090 1097 2142 est.
1135 2081 1170 2144 ln
1194 2080 1367 2145 homericis

247 2183 439 2246 carminibus
458 2203 587 2264 semper
604 2182 736 2244 obvenit
753 2185 825 2267 κῆρ.
855 2181 906 2243 De
923 2181 1027 2244 forma
1044 2201 1072 2246 v.
1084 2180 1210 2244 Curtius
1219 2181 1285 2244 Et.⁴
1299 2201 1366 2261 142.

331 2304 369 2363 4,
392 2283 479 2368 κάρα
501 2283 585 2347 Stes.
607 2301 657 2362 42,
680 2283 756 2348 Sim.
783 2299 832 2364 30,
856 2284 943 2346 Pind.
967 2286 1114 2366 (saepius)
1142 2305 1247 2367 neque
1275 2285 1366 2350 aliter

244 2389 368 2469 tragici;
392 2390 472 2470 epici
494 2409 572 2450 vero
594 2385 688 2472 κάρη.

331 2505 366 2571 5.,
393 2481 474 2566 οὖας
497 2489 575 2553 Sim.
599 2506 647 2571 37,
670 2509 752 2570 quae
775 2509 861 2553 nom.
886 2509 950 2554 acc.
975 2489 1077 2552 forma
1105 2491 1269 2571 ceteroqui
1292 2512 1365 2553 nus-

244 2614 339 2674 quam
362 2601 490 2674 reperta
512 2593 644 2674 stirpem
667 2593 848 2672 longiorem
871 2587 977 2657 οὐσατ
999 2595 1114 2654 nonin
1131 2593 1259 2655 casibus
1280 2593 1364 2656 ¹obli-

243 2697 313 2776 quis
331 2697 559 2757 tantummodo
578 2716 613 2758 se
632 2695 826 2757 continuisse
843 2703 979 2756 testatur
999 2703 1031 2757 et
1041 2693 1197 2757 Ahrentis
1216 2695 1269 2775 (ll,
1289 2697 1363 2776 246)

242 2799 443 2873 sententiam,
466 2800 519 2878 qui
537 2798 578 2860 ab
597 2798 784 2859 Herodiano
802 2797 955 2858 traditum
977 2800 1095 2861 nomin.
1121 2799 1189 2862 dor.
1214 2787 1284 2874 ὤας
1307 2819 1363 2861 ex-

242 2908 327 2962 stare
353 2919 418 2960 non
443 2899 601 2980 potuisse,
631 2900 689 2960 sed
718 2919 760 2960 ex
787 2897 934 2978 analogia
961 2919 1091 2960 casuum
1115 2899 1322 2980 obliquorum
1343 2921 1363 2962 a

242 3002 458 3083 grammaticis
477 2999 587 3062 fictum
607 3021 678 3062 esse
692 3001 865 3078 contendit,
883 3001 959 3062 satis
976 3000 1123 3080 infringit.
1151 3001 1223 3062 Huc
1241 3002 1362 3064 addam

167 3115 169 3122 “
241 3105 302 3168 adi.
323 3098 477 3178 αὐατόεις
495 3102 586 3183 (Sim.
606 3102 640 3170 fr.
661 3105 731 3182 245)
749 3103 898 3178 sormam3
922 3112 1033 3166 contra
1052 3105 1215 3166 Homerus
1238 3107 1360 3182 &2643

245 3220 301 3286 153
331 3201 493 3271 ὠτώεντα
519 3205 633 3284 habet,
669 3207 757 3286 quod
787 3207 817 3266 in
846 3201 1036 3271 οὐατόεντα
1067 3207 1257 3268 mutandum
1289 3227 1361 3269 esse

239 3307 338 3391 (Curt.
363 3308 499 3372 Erl'aut.²
521 3311 575 3389 70)
598 3311 674 3371 satis
698 3317 747 3371 est
769 3309 928 3372 credibile.

253 3427 258 3433 ·
325 3411 588 3492 Primaequae
619 3420 752 3474 vocatur
783 3410 863 3474 decl.
896 3433 916 3474 α
947 3411 1099 3472 Pindarus
1131 3412 1293 3473 interdum
1329 3414 1360 3474 in

239 3515 370 3576 modum
403 3516 512 3595 epicae
540 3523 572 3576 et
601 3515 743 3576 aeolicae
772 3513 899 3593 linguae
929 3515 1060 3594 corripit
1086 3515 1358 3576 terminationem:

236 3612 448 3704 χρυσοχαῖτα,
471 3619 651 3701 βαθυμῆτα
678 3625 737 3679 etc.
765 3635 794 3676 v.
817 3615 909 3678 Peter
931 3635 961 3696 p.
987 3633 1035 3694 32.
1081 3615 1250 3678 Praeterea
1272 3615 1356 3679 Prat.

243 3734 267 3793 1,
294 3732 330 3798 17
353 3730 549 3800 κισσοχαῑτα
573 3719 669 3799 (voc.)
691 3717 840 3798 praebet3
862 3737 922 3780 nec
944 3721 1010 3780 scio
1034 3739 1088 3780 cur
1103 3717 1211 3797 Bergk
1233 3720 1358 3798 apicem

238 3822 268 3882 in
301 3821 571 3903 antepaenultima
602 3817 821 3902 (κισσόχαιτα)
849 3821 997 3901 pinxerit.
1049 3823 1085 3886 In
1116 3820 1193 3884 Sim.
1224 3837 1262 3898 41
1297 3841 1357 3902 pro

239 3925 332 3988 codd.
357 3917 443 4009 ἀήτη
466 3931 604 3985 metrum
632 3943 741 3985 versus
771 3921 964 4002 dactylicum
993 3915 1078 4006 ἐήτᾶ
1101 3924 1189 4003 quod
1213 3921 1358 4002 reposuit

237 4025 347 4106 Bergk
368 4024 533 4106 postulare
554 4033 700 4106 apertum
723 4033 781 4089 est.
853 4063 857 4070 ·

323 4128 482 4189 Atticae
501 4147 584 4207 quae
602 4127 715 4189 dicitur
734 4125 952 4189 declinationis
967 4147 1064 4190 voces
1080 4126 1200 4189 formas
1219 4127 1356 4189 offerunt

237 4226 311 4288 has:
334 4248 370 4301 a,
394 4230 551 4290 atticasz
574 4226 778 4319 Τυνδάρεως,
801 4224 980 4311 Τυνδόρεα)
996 4228 1079 4292 Stes.
1100 4242 1154 4309 35;
1176 4211 1356 4314 ὑπόπλξῶς
