3042 4804
595 277 809 345 ³51-

140 435 280 498 Timocr‚
305 451 328 509 1,
352 452 397 501 10.
420 436 460 512 b.,
485 435 646 516 epicam:
667 429 869 520 Ἀμφιάραος
891 434 974 499 Stes
996 451 1023 513 3.
1046 457 1082 512 c.,
1098 437 1263 500 doricas:

138 531 339 620 Ἀμφιάρηος
367 536 456 599 Pind.
479 537 512 600 P.
536 535 623 616 VIII,
653 540 707 616 563
732 532 895 621 Ἀμφιάρη
917 537 956 598 Ν.
983 538 1038 613 ΙΧ,
1068 555 1122 614 24;
1151 534 1262 623 Ἀμφι-

140 632 245 724 άρηον
267 637 305 702 Ο.
328 639 386 714 VI,
412 655 447 718 13
472 638 525 714 al.';
547 634 696 724 Βριάρηο
718 638 765 702 Ib.
787 653 839 719 45.
999 633 1001 647 ’

225 741 363 803 Formas
382 749 488 804 autem
505 741 619 802 atticas
633 737 837 824 Τυνδάρεως,
849 753 954 819 -εω,
973 736 1151 816 ὑπόπλεως
1168 743 1264 824 plane

93 923 96 930 .
141 863 321 926 repugnare
343 842 545 905 choricorum
569 843 706 905 dialecto
728 863 832 924 neque
849 841 915 904 ullo
931 845 1030 904 modo
1053 845 1182 925 probari
1205 865 1265 908 nec

143 944 269 1008 defendi
298 965 396 1025 posse
431 947 496 1006 iarn
530 942 755 1006 Schneidewin
791 953 824 1006 et
856 944 984 1007 Ahrens
1019 956 1264 1028 perspexerant.

141 1047 254 1127 Atque
270 1047 311 1108 ab
331 1046 430 1108 altero
449 1049 480 1108 in
495 1045 726 1108 Timocreonte
745 1049 814 1108 dor.
833 1029 1004 1124 ὑπόπλεος
1021 1048 1110 1128 quod
1127 1051 1264 1111 duorum

142 1149 237 1211 codd.
267 1151 422 1229 scriptura
449 1144 633 1223 ὑπόπλεως
658 1149 816 1210 indicatur
843 1150 965 1230 optime
995 1151 1172 1231 repositum
1204 1160 1265 1222 est.

141 1249 367 1314 Schneidewin
390 1269 468 1313 vero
492 1251 552 1312 sibi
575 1271 640 1312 non
662 1259 815 1313 constans
837 1251 1007 1332 proposuit
1032 1251 1064 1312 in
1086 1273 1173 1314 nom.
1198 1253 1263 1334 epi-

141 1373 213 1415 cam
244 1354 383 1414 formam
409 1348 613 1437 Τυνδάρεος,
644 1355 676 1414 in
703 1371 777 1432 gen.
805 1373 884 1415 vero
912 1354 1055 1416 doricam
1081 1351 1265 1440 Τυνδάρηο,

141 1474 225 1535 quae
246 1454 324 1516 alias
346 1474 410 1516 non
435 1463 551 1520 exstat.
596 1454 708 1534 Itaque
730 1473 803 1516 cum
825 1457 932 1535 priore
957 1454 1030 1518 loco
1052 1453 1267 1542 Ὓυνδάρηος

20 1583 21 1590 2
140 1555 329 1636 rhythmum
353 1556 506 1632 laederet,
526 1557 676 1636 equidem
696 1557 801 1637 epicas
822 1553 1012 1641 Τυνάάρεος
1024 1566 1056 1620 et
1071 1559 1268 1643 Τυνδαρέου

140 1656 189 1740 (cs.
209 1657 272 1721 Od.
289 1679 325 1734 ω,
349 1675 423 1738 199;
452 1657 630 1741 Τυνδαρέῳ
652 1661 679 1732 λ,
704 1659 776 1738 299)
800 1657 987 1722 Stesichoro
1010 1661 1153 1726 reddam.
1190 1661 1265 1744 Qua

140 1760 171 1822 in
194 1759 304 1822 revel
328 1780 368 1822 eo
391 1759 604 1840 comprobor,
636 1762 723 1840 quod
748 1759 950 1824 Stesichorus
977 1772 1145 1844 praeterea
1167 1764 1268 1826 utitur

20 1937 21 1942 γ
142 1863 233 1943 epica
251 1855 465 1946 Ἀμφιάραος,
488 1882 585 1942 quam
609 1859 832 1925 Schneidewin
859 1865 903 1926 ob
926 1864 1052 1926 Pindari
1078 1874 1112 1927 ut
1139 1866 1265 1927 videtur

141 1985 245 2042 usum,
267 1965 326 2025 sed
349 1963 435 2026 nullo
459 1965 526 2026 iure
548 1965 579 2026 in
598 1959 800 2048 Ἀμφιάρηος
822 1974 933 2028 mutat.
978 1965 1132 2028 Pindarus
1155 1974 1264 2028 autern

141 2066 325 2146 Ibycusque
358 2067 555 2147 usurpabant
582 2064 701 2128 formas
729 2061 931 2151 Ἀμφιάρηος
959 2075 1017 2129 etc.
1045 2075 1077 2129 et
1104 2062 1267 2152 Βριάρηο,

142 2189 222 2249 quas
239 2167 364 2230 doricas
383 2187 455 2229 esse
473 2168 646 2232 verisimile
666 2177 723 2232 est.
759 2169 871 2250 Atque
889 2189 959 2250 gen.
977 2165 1125 2254 Βριάρηο
1149 2179 1181 2232 et
1199 2171 1266 2232 dat.

138 2265 301 2354 Ἀμφιάρη
323 2291 342 2332 a
363 2270 511 2333 breviore
534 2274 632 2352 stirpe
654 2267 817 2356 Βριάρη-ς
846 2279 879 2334 et
902 2267 1097 2356 Ἀμφιάρης
1124 2271 1174 2352 (cf.
1201 2271 1268 2333 Lo·

143 2371 227 2440 beck
248 2371 339 2435 Path.
355 2371 403 2434 El.
426 2372 450 2450 I,
475 2375 547 2452 346)
569 2372 634 2434 ficti
657 2382 738 2434 sunt.
762 2371 809 2434 Cf.
832 2373 854 2434 I.
878 2373 958 2435 decl,
986 2393 1071 2436 nom.
1095 2393 1143 2454 pr.
1167 2393 1267 2438 masc.

148 2467 268 2559 Τήρης,
291 2473 426 2558 Λέσχης,
449 2471 581 2558 Πύθης,
609 2473 648 2538 al.
676 2473 834 2551 (Ktihnen
862 2473 939 2536 ausi.
964 2473 1107 2537 Gramm.
1135 2476 1157 2550 Ι,
1184 2479 1268 2555 302),

142 2595 280 2657 quorum
299 2577 439 2654 genetivi
462 2571 577 2661 Τήρεω
600 2584 658 2638 ete.
683 2597 726 2638 ex
742 2571 869 2660 *Triono
892 2577 957 2637 nati
980 2584 1061 2640 sunt.
1093 2577 1264 2638 Praeterea

144 2697 334 2758 comparare
352 2677 424 2739 licet
442 2680 551 2758 epicos
570 2697 662 2758 genn.
680 2679 819 2742 Πετεῶο
842 2679 940 2758 (nom.
964 2675 1110 2759 Πετεώς)
1140 2686 1173 2740 et
1198 2679 1265 2763 Πη-

144 2779 270 2846 νελέωο
289 2782 387 2857 (nom.
409 2779 604 2864 Πηνέλεως).
648 2779 779 2842 Atticus
803 2799 874 2860 gen.
896 2775 1050 2864 Βριάρεω
1073 2789 1105 2843 et
1128 2802 1170 2844 ex
1187 2785 1266 2864 Βρι-

144 2879 227 2966 άρηο
246 2889 279 2943 et
298 2901 340 2942 ex
349 2883 522 2966 Βριαρέωο
538 2891 628 2944 ortus
647 2902 718 2946 esse
733 2891 903 2963 potest-
914 2883 1055 2944 Formae
1064 2877 1270 2968 Ἀμφιάρηος

145 2995 176 3048 et
195 2980 405 3070 Ἀμφιάρηον
434 2985 476 3046 ab
500 2979 694 3070 Ἀμφιάρης
726 2983 844 3046 suffixo
873 3008 891 3050 ο
919 2985 1077 3048 deductae
1104 2987 1186 3048 inter
1216 3007 1265 3068 ep.

142 3081 354 3172 Ἀμφιάραος,
376 3109 483 3151 -αον
502 3095 534 3149 et
557 3095 613 3148 att.
630 3081 845 3170 Ἀμφιάρεως,
869 3109 980 3150 -εων
1003 3088 1213 3149 intercedunt.
1368 3075 1371 3080 ¹

229 3189 267 3251 II.
312 3189 587 3252 Accusativus
631 3188 801 3250 Vocabula
824 3207 960 3268 quorum
983 3190 1078 3269 stirps
1101 3188 1132 3251 in
1153 3194 1169 3250 ῖ
1191 3194 1226 3251 et
1245 3214 1269 3254 υ

143 3291 230 3354 cadit
248 3293 349 3354 modo
361 3314 422 3355 -ν
440 3292 541 3352 modo
558 3315 622 3354 -α
640 3292 899 3353 terminationem
918 3291 963 3352 uti
981 3290 1079 3371 vulgo
1096 3291 1264 3372 accipiunt,

143 3402 241 3475 prout
263 3402 336 3456 sunt
358 3389 572 3477 βαρυνόμενα
595 3392 646 3454 vel
670 3386 867 3476 ὀξυνόμενα.
914 3390 973 3454 Cui
999 3391 1129 3474 regulae
1157 3392 1265 3456 obstat

143 3495 259 3561 Bacch.
281 3509 320 3575 45
347 3516 411 3559 acc.
434 3491 624 3578 πλάμμυριν
653 3494 840 3556 nominativi
862 3495 1060 3578 πλημμυρὶς,
1092 3497 1146 3574 qui
1168 3494 1265 3576 vulgo
1322 3541 1324 3546 ,

69 3589 71 3595 ’
145 3592 310 3677 ὀξύνεται.
371 3597 434 3660 Hic
463 3617 541 3659 vero
573 3617 648 3659 usus
682 3597 809 3677 saepius
840 3598 1033 3684 conspicitur
1065 3597 1096 3657 in
1128 3595 1264 3659 dialecto

143 3699 300 3762 Lesbiaca
323 3698 372 3779 (cf.
396 3700 477 3762 Ahr.
499 3695 522 3774 Ι,
548 3716 605 3778 113
621 3703 762 3782 ανάμιν,
786 3703 927 3783 οφράγιν
949 3699 1020 3778 etc.)
1048 3707 1080 3761 et
1106 3697 1265 3780 Delphica

145 3801 194 3879 (cs.
219 3799 362 3877 CurtiuS,
393 3799 543 3863 Berichte
573 3803 602 3862 d.
634 3801 664 3862 k.
687 3801 789 3864 s'achs.
813 3800 886 3864 Ges.
910 3802 941 3862 d.
963 3799 1158 3862 Wissensch.
1185 3802 1266 3878 1864

144 3924 175 3985 p.
200 3919 274 3980 224:
296 3905 439 3982 Katttv,
461 3904 634 3987 Σωτηρίν,
657 3905 890 3987 Στρατυλλίν).
934 3901 1270 3984 Quapropter-Hero-

146 4007 258 4070 dianus
287 4005 425 4078 testibus
454 4003 590 4071 Phavor.
631 4007 701 4083 368,
733 4009 773 4068 28
802 4014 834 4068 et
864 4005 915 4070 Et..
938 4004 982 4066 M.
1003 4007 1087 4085 676,
1107 4017 1143 4084 25
1178 4005 1266 4083 apud

145 4107 375 4189 Bacchylidem
406 4116 538 4172 accentu
570 4116 709 4171 retracto
741 4104 928 4194 πλήμμυρις
958 4107 1162 4172 scribendum
1194 4125 1271 4172 esse

145 4219 246 4291 putat.

1063 4311 1096 4375 4*
