3042 4804
702 202 911 303 ..³18-

246 385 359 476 veibio
388 409 565 496 γίαύιιειον
587 406 661 496 ᾠόν
683 410 813 490 (Arcad.
831 427 883 487 44,
911 411 970 490 15).
1015 409 1085 472 Nec
1107 419 1217 473 tamen
1239 409 1369 474 Schnei-

248 516 364 578 dewini
382 516 566 577 coniectura
581 516 725 598 γλυκεᾶν
743 512 801 590 (lb.
823 512 884 574 Rh.
905 511 971 574 rell.
994 528 1053 593 109
1071 515 1233 590 yiuxsnivl
1256 514 1369 595 placet,

248 617 511 698 quandoquidem
530 618 617 698 apud
640 615 788 678 choricos
810 612 962 676 feminina
980 614 1211 677 adiectivorum
1235 617 1267 677 in
1288 639 1369 691 -ος

247 739 314 780 non
329 717 456 780 Dorum
479 737 572 779 more
595 717 742 780 telidunt
760 714 808 792 (cf.
824 715 842 796 S
861 730 907 795 17,
927 716 963 795 1).
1005 715 1117 796 Itaque
1140 719 1301 800 γλυκεῖαν
1324 717 1370 796 les.

247 819 265 901 S
292 819 387 895 12,11
410 819 473 896 fin.)
496 819 549 882 vel
571 839 644 880 cum
660 817 811 880 Heckero
829 813 993 901 γλυκερόν
1016 821 1068 896 (sc.
1091 815 1208 898 θάλος)
1232 819 1369 882 scriben-

248 924 326 983 dum
348 929 405 985 est.
450 919 600 984 Alterum
622 919 773 999 equidem
795 919 1011 1000 praetulerim.

333 1022 375 1097 b,
405 1025 438 1084 in
465 1042 538 1102 gen.
567 1024 647 1103 sing.
675 1041 774 1082 masc.
802 1020 824 1082 1.
853 1021 933 1084 decl.
978 1021 1080 1102 Apud
1111 1022 1284 1085 Pindarum
1315 1044 1371 1085 vo-

249 1126 334 1188 cales
366 1149 406 1192 αο
435 1134 466 1188 et
494 1125 587 1206 epico
614 1144 705 1186 more
731 1123 855 1186 solutae
882 1123 926 1203 (P.
953 1123 1008 1198 IV,
1040 1139 1094 1204 171
1125 1125 1306 1208 Κρονίδαο)
1339 1135 1371 1187 et

250 1228 361 1289 dorico
391 1235 577 1288 contractae
604 1225 654 1305 (O.
679 1225 763 1298 VIII,
790 1243 830 1304 43
855 1225 1017 1308 Κρονίδα)
1044 1225 1200 1306 leguntur.
1228 1247 1257 1291 v.
1279 1219 1372 1289 Peter

248 1350 279 1410 p.
295 1347 344 1408 33.
371 1329 406 1390 In
423 1337 604 1391 ceterorum
623 1327 810 1408 fragmentis
829 1347 904 1389 casu
924 1329 1041 1390 desunt
1059 1328 1213 1409 exempla
1231 1338 1371 1410 excepto

250 1431 414 1514 Μεγιστία
436 1429 524 1508 (Sim.
547 1433 647 1511 epigr.
676 1442 710 1508 15
734 1429 755 1509 ).

335 1554 368 1607 α,
399 1534 430 1594 in
461 1532 645 1594 nominibus
679 1550 790 1612 propr.
820 1549 903 1592 voce
932 1525 1014 1605 λαός
1045 1532 1244 1611 compositis,
1287 1531 1373 1594 velut

246 1629 435 1718 Ἀρκεσίλας
457 1634 500 1713 (P.
522 1633 579 1713 IV,
601 1635 656 1712 65;
679 1631 758 1695 Sim.
780 1634 880 1724 epigr.
907 1633 976 1712 157)
999 1652 1028 1693 v.
1051 1631 1146 1693 Peter
1166 1653 1197 1713 p.
1221 1651 1269 1713 34.

337 1737 377 1811 d„
408 1739 440 1798 in
471 1737 601 1796 nomine
627 1735 767 1816 proprio,
798 1735 886 1814 quod
918 1734 1009 1814 epice
1040 1744 1134 1796 sonat
1163 1731 1371 1799 Ποσειδάων.

250 1838 353 1919 Apud
384 1838 556 1900 Pindarum
587 1837 703 1917 legitur
733 1845 863 1917 praeter
893 1835 980 1898 illam
1012 1840 1138 1916 epicam
1170 1835 1309 1899 sormam
1341 1848 1373 1898 et

252 1941 361 2002 dorica
384 1935 540 2004 Ποτιδοίν
555 1939 590 2019 ¹⁸)
614 1948 647 2001 et
668 1938 790 2000 aeolica
806 1933 976 2002 Ποσειδάν
999 1943 1039 2016 (ν.
1058 1938 1138 2002 Ahr.
1161 1937 1198 2013 ΙΙ,
1222 1955 1285 2016 244
1305 1943 1372 2020 sq.).

148 2054 150 2060 '
251 2044 307 2106 Ab
331 2042 466 2105 Aeolica
489 2042 592 2104 forma
615 2043 790 2104 deductum
818 2050 878 2103 est·
895 2043 956 2102 adi.
978 2037 1199 2115 Ποσειδάνιος
1221 2041 1309 2104 Ρὶηδ.
1333 2039 1371 2104 Ο.

251 2146 292 2221 V,
313 2163 360 2220 21,
384 2166 481 2226 quam
505 2145 642 2206 formam
665 2147 764 2206 etiam
786 2145 817 2204 in
832 2142 948 2204 Bacch.
971 2142 1007 2208 fr.
1022 2160 1060 2220 41
1082 2146 1179 2206 tradit
1194 2145 1266 2210 cod.
1285 2143 1373 2208 Gott.

251 2249 344 2311 Vrat.
374 2247 415 2322 D,
442 2247 501 2308 sed
533 2247 584 2307 alii
612 2245 778 2325 vulgarem
804 2241 1047 2309 Ποσειδώνιον.
1100 2246 1135 2307 In
1163 2244 1247 2312 Stes,
1274 2245 1308 2308 ir.
1332 2264 1374 2326 49

252 2349 390 2411 restituit
416 2347 523 2427 Bergk
551 2357 654 2409 vocat.
680 2342 849 2411 Ποσειδάν
872 2349 977 2425 (codd.
1007 2345 1128 2409 habent
1154 2346 1376 2428 Ποσειδῶνα),

253 2453 341 2531 quod
370 2449 520 2530 equidem
543 2469 607 2510 non
634 2449 812 2529 probarIm,
844 2469 926 2524 curn,
953 2449 986 2510 id
1017 2449 1106 2528 quod
1135 2451 1167 2511 in
1193 2451 1283 2512 initio
1313 2453 1376 2511 iam

253 2553 330 2630 dixi,
354 2553 442 2633 apud
461 2548 682 2614 Stesichorum
704 2551 811 2612 nullae·
833 2549 972 2613 aeolicae
995 2548 1280 2634 lormaeaindagari
1301 2571 1376 2632 pos-

253 2657 325 2716 sint.
369 2654 430 2716 Est
456 2655 554 2734 igitur
582 2661 638 2714 aut
669 2653 779 2712 dorica
804 2648 958 2716 Πότιδαν
988 2660 1043 2714 aut
1075 2653 1164 2733 epica
1186 2652 1375 2717 Ποσείδαον

253 2757 424 2836 pingenda.
486 2755 647 2834 Equidem
685 2756 809 2833 epicam
845 2753 1025 2834 praeferam
1065 2754 1108 2816 ob
1139 2754 1265 2817 Pindari
1305 2775 1375 2816 voc.

254 2857 444 2922 Ποσείδαον
467 2855 518 2937 (O.
541 2855 563 2930 1,
586 2857 647 2935 75).

339 2959 376 3021 Il.
421 2957 674 3022 Geminatam
696 2959 914 3037 spirantem
937 2975 964 3032 σ,
987 2978 1085 3038 quam
1108 2959 1252 3020 doricam
1279 2959 1375 3021 aeoli-

254 3083 391 3143 camque
413 3062 555 3141 linguam
578 3059 694 3121 diutius
717 3079 814 3138 quam
838 3061 977 3121 ionicam
995 3062 1190 3140 atticamque
1209 3061 1377 3122 retinuisse

254 3167 333 3226 satis
367 3172 511 3237 constat,
547 3161 664 3224 chorici
696 3181 924 3242 nonnunquam
957 3163 1137 3222 asciverunt
1181 3162 1309 3243 epicae,
1341 3172 1377 3224 ut

255 3266 380 3347 opinor,
402 3265 530 3346 linguae
553 3266 744 3327 auctoritate
767 3264 905 3324 adducti.
949 3259 1124 3324 Geminant
1146 3272 1254 3326 autem
1278 3281 1310 3328 o:

340 3391 373 3442 a,
396 3369 428 3430 in
455 3368 521 3428 dat.
548 3367 590 3448 pl.
617 3365 670 3431 III.
698 3365 777 3428 decl.
808 3367 1048 3427 terminatione:
1079 3381 1162 3430 ε-σσι
1185 3368 1238 3444 (ex
1261 3363 1377 3450 enfil:

254 3469 333 3533 Sim.
350 3487 394 3547 44
402 3469 617 3552 χερνίβεσσιν,
635 3481 674 3547 45
688 3462 908 3552 ἀρυόντεσσιν
928 3467 1018 3544 (coni.
1029 3464 1264 3544 Schneidewin,
1282 3472 1378 3532 codd.

256 3566 377 3656 ἀραιόν
395 3571 434 3636 τέ
450 3570 559 3650 ἐστιν),
574 3569 689 3633 Bacch.
709 3586 745 3631 21
767 3564 938 3633 πάντεσσι.
956 3567 1042 3628 Exx.
1061 3566 1228 3630 Pindarica
1245 3591 1274 3632 v.
1284 3571 1378 3632 Peter

157 3671 159 3674 ’
255 3676 423 3756 n·36s<1·

340 3777 380 3853 b,
404 3777 435 3837 in
457 3776 631 3838 verborum
659 3773 771 3836 futuris
798 3780 831 3832 et
857 3772 983 3833 aoristis
1011 3771 1204 3851 sigmaticis:
1234 3761 1312 3836 Sir'n.
1337 3793 1377 3854 32

255 3876 395 3954 iocarer,
419 3880 460 3958 36
482 3877 697 3949 τελέσσαντες
719 3874 774 3955 (ob
797 3881 937 3934 metrum
961 3872 1088 3954 Bergk).

341 4003 376 4058 c,
399 3982 430 4043 in
447 3978 708 4063 pronominibus:
732 3975 810 4038 Sim.
830 3990 869 4053 32
889 3965 988 4050 ὅσσος
1007 3975 1061 4054 (ex
1079 3966 1192 4057 ὅτιος),
1214 3978 1274 4040 sed
1294 3992 1319 4058 5,
1340 3995 1377 4060 17

256 4119 460 4127 —-.——

326 4184 358 4252 ¹⁸7
376 4187 473 4236 Pariter
490 4185 600 4237 Alcman
617 4185 643 4232 in
661 4183 691 4232 ir.
712 4191 741 4242 17
761 4173 890 4244 Ἀλκμάν,
909 4180 935 4228 in
954 4190 984 4241 71
1004 4174 1150 4245 Ἀλκμαίων
1169 4199 1196 4233 se
1214 4183 1360 4247 appellavit.
