3042 4804
682 246 892 325 ..56-

226 415 363 478 traditur
393 416 434 479 ab
462 415 649 478 Herodiano
671 415 748 499 περέ
769 437 844 499 μου.
867 419 930 494 lag.
955 431 1005 494 32,
1029 431 1081 477 20:
1113 411 1131 480 δ
1159 415 1197 482 δέ
1221 409 1349 497 Ἴβυκος

227 511 314 584 ἔσθ’
340 508 407 582 ὅτε
430 516 485 582 καὶ
507 515 665 602 θηλυκῶς
686 517 890 600 προφέρεται
920 517 973 598 (sc.
996 513 1124 601 ἐλδωρ)·
1150 511 1239 606 (οὔτι
1260 517 1348 583 κατὰ

228 617 392 704 οφετερδιν
414 619 539 702 ἐέλδωρ
562 618 607 699 (ir.
634 619 682 699 18)
705 619 761 684 καὶ
784 615 909 686 ἐσδλδν
930 618 1198 704 προδεδεγμένον
1224 620 1348 704 ἐέλδωρ

228 715 365 803 (fr-19l'

313 822 537 888 Schneidewin
560 824 615 902 (lb.
638 823 742 905 Rheg.
765 823 829 887 rell
849 837 907 904 205
929 826 985 904 sq.)
1008 826 1135 906 quippe·
1150 843 1222 886 cum
1245 822 1349 887 forma

227 947 291 990 acc.
315 926 387 990 lem.
410 925 534 1012 ἐέλδωρ
556 927 749 990 incredibilis
773 936 806 990 et
833 927 976 990 inaudita
998 936 1083 990 esset
1109 935 1247 1008 utroque
1275 928 1348 991 loco

227 1048 292 1092 acc.
315 1025 419 1094 έελδώ
441 1050 460 1092 a
482 1050 556 1092 casu
579 1038 668 1092 recto
692 1026 712 1114 ἡ
730 1025 834 1096 ἐελδώ
858 1029 1037 1092 derivatum
1058 1030 1192 1110 scripsit.
1236 1030 1349 1110 Atque

227 1130 330 1194 Lehrs
352 1131 540 1210 (Herodiani
563 1133 682 1214 scripta
705 1153 737 1214 p.
762 1133 832 1212 111)
855 1133 1033 1214 suspicatus
1062 1141 1112 1194 est
1138 1153 1157 1194 a
1186 1151 1348 1212 gramma-

227 1233 296 1295 ticis
328 1233 464 1314 antiquis
493 1232 576 1295 ultro
607 1233 752 1315 citroque
785 1235 983 1317 disputatum
1014 1255 1101 1308 esse,
1145 1242 1249 1296 utrum
1284 1255 1349 1298 acc.

227 1333 332 1401 ἐέλδω
354 1355 373 1396 a
395 1355 481 1397 nom.
503 1334 627 1419 ἐέλδωρ
651 1333 752 1398 sactus
775 1344 861 1398 esset
883 1355 924 1398 an
947 1356 1011 1398 acc.
1038 1331 1143 1401 ἐελδοδ
1170 1357 1190 1398 a
1219 1357 1304 1398 nom.
1328 1333 1348 1424 ἡ

227 1433 331 1503 ἐελδώ
358 1446 393 1500 ut
415 1430 485 1524 ἠχώ
512 1436 744 1519 intellegendus
767 1447 865 1514 esset,
897 1439 1136 1519 accuratiusque
1158 1437 1349 1501 Herodiano

188 1619 190 1623 Ι
229 1539 326 1604 luisse
358 1539 528 1601 dicendum
563 1547 607 1627 tet
638 1549 806 1621 praeterea
833 1539 896 1602 hoc
923 1539 1009 1602 idem
1036 1537 1143 1624 έλδωρ
1170 1561 1210 1602 ne
1239 1542 1349 1622 utique

228 1640 358 1721 quidem
385 1649 534 1704 neutrum
562 1635 630 1704 est'.
654 1639 839 1705 —Contra
865 1642 973 1722 Bergk
1000 1661 1195 1723 quamquam
1222 1641 1349 1704 dubitat

227 1749 336 1805 tamen
359 1743 498 1805 servavit
521 1744 671 1805 traditam
694 1745 884 1826 scripturam
908 1742 1039 1827 ἐέλδωρ.

313 1844 477 1925 Equidem·
498 1843 708 1908 ad'neutram
734 1846 890 1908 rationem
914 1867 966 1908 me
992 1844 1158 1927 applicem.
1204 1845 1240 1907 Id
1270 1865 1348 1907 vero

228 1944 475 2010 Schneidewino
493 1947 680 2024 concedam,
698 1949 787 2010 vocis
806 1947 974 2010 femininae
992 1945 1116 2030 ἐέλδωρ
1134 1948 1348 2010 accusativum

227 2069 275 2130 sg.
297 2051 495 2112 nominativo
517 2069 648 2131 prorsus
675 2071 812 2131 aequum
839 2050 925 2112 nulla
950 2048 1076 2130 linguae
1103 2049 1247 2113 Graecae
1274 2070 1350 2112 ana·

228 2152 315 2233 logia
343 2151 441 2214 fulciri
476 2172 582 2233 posse.
637 2150 795 2215 Attamen
831 2172 904 2214 cum
940 2172 980 2214 eo
1014 2152 1214 2232 Lehrsioque
1245 2151 1349 2214 lacere

229 2273 364 2334 nequeo,
388 2255 477 2334 quod
500 2253 677 2316 Herodiani
700 2254 808 2316 verbis
835 2255 922 2316 omni
944 2253 1008 2316 fide
1030 2253 1189 2335 abrogata
1212 2263 1348 2334 utroque

227 2355 300 2417 loco
318 2357 534 2418 accusativum
553 2353 657 2419 ἐέλδω
675 2355 883 2437 scripserunt;
906 2358 1005 2418 immo
1024 2358 1131 2437 potius
1150 2355 1349 2417 librariorum

229 2457 353 2520 calamo
376 2457 502 2539 lapsum
527 2458 588 2520 illic
610 2456 776 2532 ascribam,
799 2458 852 2538 qui
871 2457 955 2520 hunc
972 2459 1003 2519 iu
1026 2461 1160 2520 modum
1183 2467 1232 2520 est
1250 2478 1349 2539 expe-

229 2559 372 2623 diendus

314 2662 350 2723 ln
372 2664 481 2744 priore
499 2661 641 2736 frustulo,
666 2661 698 2724 id
717 2662 887 2742 quodiam
910 2661 1010 2724 verba
1032 2669 1144 2742 aperte
1163 2669 1351 2736 monstrant,

230 2763 437 2827 Herodianus
456 2766 606 2846 apposuit
625 2764 762 2826 formam
783 2765 956 2828 accusativi
975 2763 1087 2842 ἐέλδω,
1105 2765 1136 2826 in
1154 2764 1257 2826 altero
1272 2783 1351 2826 vero

230 2866 418 2928 nominativi
447 2867 587 2928 neutrius
617 2865 743 2946 generis
766 2866 890 2950 ἐέλδωρ
914 2875 1010 2947 atque
1029 2887 1118 2929 mera
1136 2865 1242 2928 librari
1265 2885 1350 2928 som-

230 2967 373 3032 nolentia
399 2967 451 3030 vel
478 2967 680 3031 aberratione
707 2971 749 3031 ad
779 2968 947 3031 frustulum
970 2971 1129 3050 posterius
1153 2968 1271 3031 iactum
1294 2977 1352 3045 est,

231 3080 265 3134 ut
283 3072 390 3153 priore
409 3089 538 3151 quoque
557 3070 629 3132 loco
648 3069 773 3155 ἐέλδωρ
796 3070 996 3136 scriberetur.
1032 3072 1117 3134 Nam
1136 3081 1223 3134 recte
1245 3073 1354 3152 Bergk

231 3151 272 3236 ald
296 3172 332 3234 lr.
365 3189 402 3253 19
430 3173 553 3234 monuit
576 3172 798 3236 Herodianum
832 3174 937 3255 ipsum
965 3173 1086 3252 (verbis
1109 3168 1179 3239 ἔσθ’
1205 3166 1264 3238 ὅτε
1286 3175 1353 3254 καί)

231 3275 371 3337 indicare
386 3275 520 3354 Ibycum
545 3276 642 3338 etiam
661 3275 764 3338 altero
784 3276 812 3354 (i.
833 3296 860 3338 e.
879 3276 1004 3356 neutro)
1023 3295 1142 3355 genere
1160 3295 1252 3337 usum
1272 3296 1354 3339 esse.

231 3377 333 3440 Poeta
364 3395 442 3439 vero
474 3396 547 3438 cum
579 3397 680 3457 genus
712 3379 802 3439 vocis
832 3375 956 3460 ἐέλδωρ
984 3384 1123 3439 mutaret
1154 3375 1259 3440 iacere
1289 3397 1354 3438 non

232 3481 347 3560 potuit,
370 3479 446 3560 quin
468 3479 500 3540 in
522 3481 710 3542 accusativis
734 3487 766 3541 et
789 3481 893 3559 ipsam
912 3477 1049 3540 formam
1068 3477 1243 3542 neutralem
1264 3478 1354 3541 lemi-

233 3583 313 3643 ninis
342 3580 452 3643 formis
482 3583 687 3661 adaequaret.
732 3580 941 3663 Quapropter
971 3581 1013 3643 ad
1044 3581 1283 3644 similitudinem
1311 3581 1356 3643 ie·

234 3685 424 3746 mininorum
456 3684 487 3744 in
509 3679 589 3758 -ώ,
620 3683 665 3744 uti
699 3679 719 3769 ἡ
750 3677 862 3747 πειθώ
893 3683 940 3757 al,
971 3683 1068 3745 ctiam
1099 3703 1117 3743 a
1151 3680 1303 3744 feminino
1334 3673 1354 3768 ἡ

235 3784 359 3869 ἐέλδωρ
382 3806 446 3850 acc.
470 3784 598 3866 metapl.
622 3783 709 3864 (trivi
738 3783 841 3850 ἐέλδω
864 3784 965 3847 finxit
1009 3783 1169 3846 Simillimi
1196 3806 1261 3848 acc.
1290 3805 1357 3847 me·

234 3888 395 3972 taplastici
422 3896 509 3950 sunt:
533 3886 593 3970 ἰχῶ
615 3888 663 3966 (Ε,
685 3890 768 3966 416),
789 3881 955 3965 Ἀπόλλω,
983 3885 1153 3966 Ποσειδῶ,
1182 3893 1294 3952 κυκεῶ
1316 3891 1356 3968 (κ,

236 4006 311 4072 2903
340 3989 421 4070 316),
452 3987 516 4053 αἰῶ
544 3988 677 4069 (Aesch.
705 3989 839 4070 choeph.
870 3990 954 4070 350),
981 3989 1034 4070 qui
1056 4009 1121 4050 non
1143 3990 1185 4051 ad
1208 3990 1358 4070 vulgares

236 4094 352 4174 stirpes
374 4091 405 4153 in
423 4113 515 4176 -ωρ
539 4099 572 4154 et
588 4113 697 4169 -ονς,
727 4093 785 4154 sed
809 4092 850 4154 ad
874 4091 988 4172 stirpes
1011 4091 1042 4152 in
1059 4113 1140 4166 -ος
1162 4089 1254 4169 (ulos,
1273 4113 1358 4154 nom.

237 4188 328 4270 αἷώς)
355 4191 529 4254 reducendi
556 4202 636 4256 sunt.
660 4230 699 4241 -
729 4193 878 4274 Denique
910 4195 997 4274 quod
1025 4193 1067 4255 ad
1094 4203 1261 4256 accentum
1289 4215 1358 4276 per-
