3042 4804
684 269 896 330 ,24-

225 413 402 500 ἐρεβεννός
418 438 424 452 ·
442 413 553 497 οὕτως
574 419 615 487 τὸ
639 417 792 506 ἀργεινός
819 417 980 506 ἀργεννός
998 439 1004 452 ·
1020 420 1052 487 ol
1080 423 1117 488 dl
1144 425 1282 490 Σικελοὶ
1309 424 1349 491 τὸ

225 518 394 585 ἐναντίον·
414 519 455 587 τὸ
478 521 623 607 μὲνγὰρ
646 523 780 588 σπένδω
799 525 925 589 σπείδω
948 525 993 604 (??l
1012 525 1143 601 λέγουσι
1165 526 1222 590 καὶ
1244 524 1285 592 τὸ
1310 521 1349 592 οὐ

225 619 352 703 μέντον
375 617 415 686 οὐ
437 623 570 708 μέντοι,
607 646 747 706 quocum
775 625 921 688 conseras
944 626 1054 706 Etym.
1076 626 1119 692 M.
1141 629 1214 703 662,
1238 641 1296 707 30:
1318 626 1350 693 ol

226 721 456 804 Συρακούσιοι
478 723 519 790 τὸ
542 723 642 791 ἔνδον
664 726 759 791 ἐνδοῑ
780 727 946 810 λέγουσιν,
967 722 1014 802 ὡς
1034 726 1127 811 παρὰ
1157 730 1350 813 θεοκρίτῳ·

226 823 319 888 ἐνδοῑ
335 824 508 908 Πραξινόα
525 828 608 906 (XV,
637 831 672 902 ι).
708 827 784 909 Quo
803 847 845 890 ex
863 829 967 892 altero
989 829 1175 892 testimonio
1197 833 1347 912 sequitur,

228 923 357 988 etlmIco
380 929 518 993 Σικελοί
544 930 777 1008 grammaticos
804 950 868 992 non
894 940 1060 1012 spectasse
1085 931 1145 992 nisi
1171 933 1214 993 ad
1241 931 1349 995 Theo·

227 1027 350 1091 critum.
397 1029 511 1111 Itaque
529 1029 690 1092 ethnicum
706 1029 847 1115 Ῥηγίνοι
869 1051 998 1112 quoque
1021 1032 1062 1093 de
1081 1033 1181 1112 lbyco
1199 1033 1349 1114 Rhegino

227 1129 448 1210 accipiendum
471 1152 542 1194 esse
565 1131 642 1194 mihi
665 1133 833 1213 probatum
855 1152 973 1214 nempe
995 1131 1120 1196 formae
1137 1129 1301 1218 ἀργεννός
1318 1146 1351 1198 et

226 1228 402 1312 ἐρεβεννός
423 1232 648 1312 Rheginomm
678 1234 816 1296 dialecto
848 1235 977 1296 doricae
1005 1254 1136 1314 prorsus
1160 1247 1350 1317 repugnant,

228 1333 351 1412 optime
369 1342 477 1395 autem
495 1331 688 1397 conveniunt
706 1335 797 1414 Ibyci
816 1334 953 1398 dialecto
972 1338 1102 1399 mixtae.
1130 1336 1239 1418 Quare
1262 1339 1350 1418 quod

227 1431 382 1494 Ahrentis
410 1434 455 1511 (ΙΙ,
487 1437 555 1512 106)
582 1435 732 1516 placitum
766 1437 850 1523 (sine
877 1437 940 1498 ulla
967 1437 1166 1500 dubitatione
1193 1435 1351 1523 Ῥηγίνων

227 1554 346 1596 nomon
363 1555 405 1597 ex
418 1531 576 1618 Ἀργείων
590 1541 617 1614 (l)
633 1547 819 1618 corruptum
834 1532 892 1600 est’
912 1537 1007 1620 plane
1025 1538 1189 1612 addubito,
1205 1542 1352 1620 ignoscat

227 1634 324 1696 velim
347 1637 424 1699 mihi
446 1637 498 1700 ille
521 1641 568 1698 vir
591 1638 805 1701 doctissimus.
839 1637 931 1721 Quae
954 1639 1038 1702 enim
1061 1639 1156 1702 affert
1177 1639 1289 1722 Etym.
1309 1643 1352 1704 M.

227 1737 380 1819 exempla
402 1739 444 1800 ad
462 1737 550 1800 illam
568 1737 684 1818 Argivi
709 1743 867 1802 sermonis
890 1743 1123 1822 proprietatem
1145 1749 1266 1816 notam,
1289 1763 1353 1823 qua

228 1858 443 1902 consonarum
466 1841 502 1910 ἦ
523 1841 705 1903 coniunctio
727 1843 878 1923 primaria
900 1863 964 1904 non
991 1843 1191 1917 immutatur,
1219 1845 1352 1905 omnino

228 1960 293 2002 non
316 1950 464 2022 spectare
485 1951 629 2023 possunt,
648 1944 911 2024 quandoquidem
933 1945 964 2004 in
981 1943 1065 2005 nulla
1087 1941 1210 2005 illarum
1234 1965 1352 2007 vocum

228 2061 370 2123 unquam
402 2043 529 2106 litterae
556 2048 591 2114 {c}
619 2045 794 2108 exstabant
826 2047 1023 2110 coniunctae.
1076 2044 1174 2126 Apud
1206 2045 1352 2126 ArgIvos

146 2189 151 2198 .
230 2153 339 2207 autem
362 2145 415 2208 illa
436 2147 509 2208 adii.
535 2146 585 2208 vel
607 2145 639 2207 in
663 2169 801 2221 -εινος,
829 2155 864 2208 ut
886 2147 917 2206 in
939 2145 1064 2208 Doride
1087 2145 1225 2223 mitiore,
1247 2147 1300 2210 vel
1321 2151 1353 2210 in

228 2269 309 2330 ηνος
319 2249 365 2326 ²²),
387 2257 422 2309 ut
445 2249 532 2328 apud
555 2247 710 2321 Lacones
734 2247 823 2308 exire
846 2245 1019 2309 debebant.

313 2349 355 2427 b.,
378 2349 452 2411 Huc
469 2358 640 2429 praeterea
657 2347 828 2411 reserenda
850 2357 924 2410 sunt
946 2349 1018 2412 adii.
1042 2345 1185 2432 ἐραννός
1205 2349 1249 2429 (ll.
1272 2349 1354 2412 falso

227 2447 360 2534 ἐρανον)
384 2449 462 2513 Sim.
482 2464 520 2530 45
543 2459 575 2512 et
597 2451 838 2532 ἐννοσίφυλλος
857 2467 907 2528 41.
936 2444 1094 2533 Ἑραννός
1116 2453 1170 2529 (ex
1192 2451 1354 2534 ἐρας-νος)

228 2553 392 2633 ceteroqui
419 2553 546 2616 omissis
564 2553 711 2615 Homero
731 2563 764 2615 et
784 2552 1080 2615 Alexandrinorum
1098 2554 1196 2633 epicis
1219 2555 1252 2614 in
1269 2552 1354 2614 The·

228 2673 292 2718 ocr.
310 2653 460 2729 XXVIII,
478 2673 531 2717 21:
551 2657 727 2721 Μίλλατον
745 2650 890 2738 ἐραννάν
902 2665 936 2717 et
949 2653 1008 2719 Ar.
1017 2653 1094 2732 Lys,
1116 2655 1211 2733 1296:
1233 2649 1353 2738 Ταΰγε-

229 2778 292 2820 τον
315 2752 462 2838 ἐραννόν
485 2756 667 2822 observavi.
711 2756 850 2818 Formae
878 2755 1017 2819 aeolicae
1039 2755 1277 2836 ἐννοσίφυλλος
1299 2757 1354 2832 (ex

228 2853 514 2940 ἐν·Ροσι-φυλλος),
533 2877 729 2939 quamquam
749 2857 912 2920 Homerus
930 2877 1060 2938 semper
1078 2857 1216 2918 ionicam
1234 2856 1353 2922 εἰνοσί-

230 2964 356 3042 φυλλος
377 2961 496 3042 posuit,
526 2969 635 3022 tamen
658 2957 841 3022 Simonides
873 2959 1058 3040 exemplum
1081 2966 1227 3039 repetere
1248 2961 1355 3042 potuit

230 3062 273 3125 ab
296 3063 387 3143 epico
405 3061 548 3144 Neptuni
567 3060 710 3142 epitheto
728 3061 936 3136 ἐννοσίγαιος
953 3059 1048 3142 plane
1066 3059 1186 3141 pan'ter
1204 3059 1353 3123 formato.

230 3164 379 3245 Denique
406 3164 468 3226 huc
493 3165 633 3246 pertinet
659 3163 834 3237 ἐννοσίδας
865 3164 883 3228 i.
907 3183 934 3224 e.
966 3161 1174 3244 ἐννοσίγαιος
1200 3161 1300 3240 (Pind.
1322 3161 1354 3224 P.

230 3265 286 3342 lv,
309 3283 363 3346 33³
386 3272 466 3346 173)-

300 3437 333 3501 ²²)
351 3437 474 3487 Conferas
483 3437 566 3486 Alcm.
576 3450 599 3499 2,
618 3432 757 3504 9φαηνάν
766 3435 900 3497 (Baunack,
910 3434 978 3484 Curt.
990 3434 1059 3484 Stud.
1070 3435 1102 3495 X,
1115 3433 1180 3496 131).
1208 3435 1262 3484 Nec
1272 3438 1355 3486 minus

231 3507 351 3579 Ahrentis
368 3506 412 3571 (ΙΙ,
433 3504 480 3570 158
491 3523 515 3554 n.
527 3507 553 3568 7)
570 3507 702 3598 rationem,
721 3520 771 3569 qua
789 3505 815 3555 in
826 3503 999 3552 Choerobosci
1016 3503 1120 3552 testim:
1134 3493 1289 3592 ἐρατεινὸς
1308 3498 1355 3556 διὰ

231 3591 290 3716 ίίὲ,
300 3578 519 3714 ‘altllttt
537 3574 643 3700 tilla
656 3580 784 3720 ίίίῗίέ
801 3573 958 3698 ittilllt
970 3573 1355 3711 attitulantur

232 3719 323 3768 habeo.
358 3718 425 3768 Nam
451 3717 557 3767 sortasse
579 3719 709 3783 respicitur
731 3718 763 3766 ad
782 3715 946 3774 AIcmmem,
973 3716 1042 3764 cuius
1069 3714 1191 3763 dialectos
1214 3715 1315 3780 saepius
1341 3732 1355 3766 a

232 3787 404 3850 grammaticis
422 3785 464 3849 (cf.
483 3786 569 3850 Apoll.
588 3787 620 3835 de
639 3791 702 3850 synt.
722 3795 779 3850 279,
798 3793 842 3848 253
862 3783 976 3833 Gramm.
990 3783 1061 3832 Leid.
1079 3781 1128 3845 635
1148 3781 1190 3842 al.)
1208 3783 1356 3846 simpliciter

232 3855 320 3904 dorica
345 3859 456 3904 vocatur.
493 3856 561 3919 Quas
588 3855 682 3903 formas
708 3853 740 3902 ab
764 3852 894 3901 Alcmanis
921 3851 1030 3900 dialecto
1053 3865 1106 3899 non
1128 3851 1264 3899 abhorrere
1288 3852 1355 3900 clare

233 3928 336 3974 testatur
353 3917 467 3975 Κλεννά
485 3921 529 3983 (II,
550 3935 581 3970 10
587 3940 594 3978 ς
612 3921 659 3984 111,
677 3932 709 3983 27
725 3921 757 3969 cf.
767 3920 883 3968 Baunaclr
902 3919 971 3969 Stud.
990 3920 1022 3980 X,
1043 3917 1110 3981 132),
1129 3918 1233 3968 Gratiae
1252 3934 1355 3979 nomen,

232 4007 297 4056 quae
323 3991 402 4055 vulgo
426 4007 441 4040 a
467 3989 598 4054 Spartanis
616 3987 713 4058 Κλήτα
731 3989 812 4050 (Paus.
831 3987 877 4050 IX,
895 3997 937 4052 35,
958 3987 1048 4046 13111,
1070 3983 1109 4044 18,
1126 3984 1153 4049 4)
1171 3987 1354 4050 appellabatur.

232 4059 351 4110 Ceterum
370 4057 549 4124 grammaticos
572 4058 671 4122 saepius
694 4073 742 4122 pro
764 4061 856 4121 poetae
878 4056 981 4106 nomine
999 4069 1087 4120 pamm
1110 4054 1244 4118 diligenter
1265 4055 1355 4120 populi

231 4144 328 4178 nomen
344 4127 457 4193 posuisse
480 4139 514 4176 ex
538 4125 625 4174 multis
647 4126 681 4175 ab
700 4125 812 4174 Ahrente
837 4125 892 4188 ipso
910 4124 991 4172 citatis
1010 4138 1096 4172 eorum
1115 4123 1264 4172 testimoniis
1282 4124 1315 4186 (v.
1333 4123 1354 4184 I,

235 4194 283 4244 118
301 4213 326 4246 n.
347 4208 389 4256 113
410 4193 439 4242 81
461 4211 485 4242 n.
508 4206 550 4253 103
571 4192 605 4255 II,
625 4203 676 4256 272
695 4209 720 4242 n.
739 4193 755 4242 8
774 4193 816 4255 al.)
835 4199 948 4257 apparet.
