3042 4804
683 857 867 948 VITA.

303 1105 436 1170 Carolus
459 1109 615 1172 Ernestus
639 1109 756 1172 Mucke
786 1119 878 1172 natus
907 1131 979 1172 sum
1006 1111 1036 1172 in
1064 1109 1216 1172 Lusatiae
1244 1130 1338 1191 supe-

215 1210 306 1271 rioris
330 1211 401 1272 vico
426 1209 695 1274 Grosshaenchen
718 1213 874 1276 saxonico
898 1213 950 1277 die
978 1228 1023 1277 10.
1049 1212 1167 1274 mensis
1190 1211 1286 1273 Marti
1309 1233 1340 1274 a.

155 1329 160 1338 ¹
219 1313 300 1390 1854
330 1321 423 1394 patre
447 1311 605 1394 Georgi0‚
636 1335 733 1395 quem
765 1324 839 1378 ante
866 1323 931 1378 tres
957 1335 1058 1376 annos
1081 1323 1245 1376 mortuum
1267 1334 1339 1376 esse

216 1413 425 1476 vehementer
444 1413 548 1490 dole0,
572 1425 675 1478 matre
694 1416 797 1478 Maria
819 1425 952 1497 egente
967 1416 1128 1492 Mittasch,
1151 1437 1214 1497 qua
1232 1415 1339 1478 adhuc

215 1517 386 1596 superstite
408 1517 518 1579 laetor.
563 1517 655 1581 Fidei
674 1520 821 1580 addictus
844 1539 916 1581 sum
936 1519 1149 1600 evangelicae.

302 1618 402 1681 Anno
433 1620 514 1683 1866
544 1621 574 1681 in
606 1623 811 1704 gymnasium
833 1622 1053 1704 Budyssinum
1080 1631 1227 1704 receptus
1257 1641 1338 1696 sum,

194 1723 302 1800 ‚quod
330 1742 387 1802 per
411 1731 486 1783 octo
509 1743 610 1784 annos
641 1722 842 1804 frequentavi
869 1723 1018 1786 Palmio
1042 1732 1075 1786 et
1096 1723 1337 1786 Kreusslero

215 1824 403 1888 rectoribus.
448 1822 548 1886 Anno
571 1827 651 1906 1874
671 1826 856 1888 testimonio
880 1825 1069 1888 maturitatis
1094 1826 1232 1888 munitus
1255 1825 1339 1886 litte-

214 1945 319 1986 rarum
352 1926 590 1989 universitatem
622 1927 823 2009 Lipsiensem
856 1927 919 1989 adii
952 1927 1109 2008 imprimis
1140 1926 1337 2008 philologiae

199 2029 321 2114 ¹studio
347 2048 399 2090 me
422 2030 562 2090 daturus.
607 2029 706 2090 Anno
734 2032 809 2109 1875
835 2031 945 2092 lenam
969 2050 1022 2092 me
1045 2029 1177 2105 contuli,
1199 2030 1254 2091 ubi
1276 2049 1335 2109 per

214 2149 274 2191 sex
297 2150 426 2192 menses
449 2133 554 2192 audivi
578 2133 664 2194 viros
687 2133 894 2193 doctissimos
917 2129 1178 2194 Schmidtium
1200 2140 1233 2193 et
1256 2129 1337 2193 Sie-

212 2232 397 2298 versium.
457 2232 599 2314 Lipsiam
639 2254 785 2296 reversus
825 2254 883 2314 per
919 2254 979 2294 sex
1010 2235 1179 2296 semestria
1210 2231 1338 2294 interfui

214 2332 329 2394 scholis
345 2335 788 2400 virorumillustrissimorum
803 2335 956 2413 Brauni,
978 2333 1098 2412 Curti,
1114 2333 1339 2409 Drobischi,

213 2433 427 2510 Ecksteini‚
454 2436 781 2512 Huebschmanni,
813 2437 947 2518 Langi,
982 2436 1181 2512 Leskieni,
1213 2437 1339 2516 Lipsi‚

214 2536 446 2614 Overbecki,
469 2538 682 2617 Ribbecki,
705 2539 912 2625 Ritscheli,
936 2538 1088 2620 Voigti‚
1112 2539 1277 2600 Wundti.

301 2641 361 2702 Per
383 2643 522 2722 quinque
545 2643 713 2704 semestria
735 2643 897 2704 societatis
920 2642 1150 2722 grammaticae
1174 2639 1280 2702 Curti
1303 2649 1337 2702 et

213 2761 270 2822 per
292 2743 353 2804 tria
376 2743 514 2814 slavicae,
535 2745 720 2806 Leskieni
743 2746 848 2806 socius
871 2743 913 2806 fui
937 2753 969 2806 et
993 2745 1173 2806 etiamnunc
1196 2763 1275 2804 sum.

300 2845 384 2906 Dein
407 2866 466 2926 per
487 2866 582 2908 senos
606 2867 734 2909 menses
757 2847 920 2909 societatis
944 2845 1131 2928 philologae
1148 2843 1337 2907 Ritscheli

213 2954 246 3007 et
261 2945 451 3008 Ribbecki
470 2948 591 3010 sodalis
610 2947 653 3009 fui
672 2950 861 3012 ordinarius.¹
884 2948 999 3030 Neque
1017 2951 1121 3010 minus
1141 2947 1339 3028 frequentavi

214 3051 462 3113 exercitationes
477 3052 697 3132 proseminarii
714 3060 746 3113 et
763 3053 922 3113 seminarii
943 3053 1019 3132 regii
1035 3051 1221 3133 philologici
1239 3060 1338 3131 atque

214 3152 395 3214 etiamnunc
416 3154 619 3216 seminarium
645 3156 768 3234 regium
790 3155 1052 3235 paedagogicum
1075 3152 1253 3233 frequento,

298 3252 564 3335 Praeceptoribus
601 3257 693 3331 meiS,
730 3237 885 3337 imprimis
918 3254 1095 3336 Georgio
1127 3253 1266 3317 Curtio
1303 3262 1337 3314 et

212 3356 400 3437 Augusto
432 3356 663 3436 Leskieni0,
696 3378 776 3438 quos
812 3360 853 3420 de
884 3379 937 3420 me
969 3378 1096 3420 summo
1128 3377 1228 3439 opere
1264 3375 1337 3448 esse

213 3457 346 3520 meritos
370 3479 499 3540 semper
522 3479 578 3520 ero
608 3480 747 3536 memor,
779 3461 899 3540 gratias
924 3481 1021 3540 quam
1046 3459 1204 3522 maximas
1229 3457 1337 3520 habeo

212 3555 408 3640 semperque
430 3560 572 3624 habebo.

568 4223 666 4276 Lipsiae,
681 4225 752 4277 Typls
766 4225 866 4280 Leopold
881 4224 897 4265 ἅ
912 4224 977 4268 Baer.
