3042 4804
131 403 208 466 tinet
234 401 321 465 haud
347 401 415 464 scio
442 421 482 462 an
504 408 590 462 recte
620 419 727 480 agam,
754 401 781 461 si
807 418 872 461 acc.
899 397 1005 464 ἐέλδαι
1027 417 1130 478 aeque
1152 405 1249 477 atque

132 525 192 568 acc.
221 499 374 571 Ἀπόλλω
412 503 555 565 nativam
590 502 777 566 nominativi
813 502 1050 564 voculationem
1082 499 1249 562 retinuisse

133 627 233 688 neque
260 589 516 669 accusativorum
547 605 759 685 adquorum
789 604 971 684 analogiam
1003 612 1053 665 est
1083 601 1247 675 formatus,

132 708 323 770 voculationi
342 727 378 770 se
400 707 591 790 applicuisse
613 706 759 769 arbitror.

213 810 306 872 Tunc
328 812 426 872 etiarn
445 809 588 872 librarius
607 829 647 871 eo
665 807 785 870 facilius
801 810 832 869 in
851 827 992 870 errorem
1011 789 1116 868 iirduci
1134 808 1247 888 potuit,

30 893 31 924 ³
133 921 165 973 ut
185 932 245 994 pro
268 910 373 978 ἐίλδαι
391 911 546 974 scriberet
564 909 696 993 ἐέλδωρ,
719 912 861 991 quamsi
880 909 982 974 ίελδῶ
1001 909 1089 989 quod
1104 907 1246 983 Lobeck,

133 1014 180 1076 vel
199 1012 306 1078 ἐελδοό
324 1015 413 1094 quod
429 1012 653 1076 Schneidewin
671 1020 860 1088 statuerunt,
882 1012 925 1074 ab
943 1012 1130 1074 Herodiano
1148 1011 1246 1090 scrip-

132 1125 197 1178 tum
221 1117 407 1180 exstitisset.

214 1219 250 1282 Il.
296 1218 450 1280 Pindarus
477 1216 628 1280 suffixum
656 1239 695 1299 φι
721 1219 840 1280 vitasse
868 1217 993 1279 videtur
1014 1236 1117 1297 neque
1138 1224 1246 1278 tamen

132 1321 262 1402 lbycus,
293 1321 380 1401 apud
402 1341 498 1400 quem
522 1329 611 1382 certo
637 1319 754 1400 legitur
775 1321 806 1381 in
829 1317 864 1380 fr.
890 1335 917 1393 2,
938 1332 952 1397 5
974 1315 1035 1382 oliv
1058 1311 1176 1401 ὄχεσφι
1197 1315 1246 1394 (cl.

29 1431 31 1436 “
132 1423 161 1485 ll.
185 1423 224 1496 X,
248 1439 287 1484 22
312 1420 374 1486 σὺν
396 1415 543 1504 ὄχεσφιν)
566 1430 599 1484 et
621 1420 655 1482 sr.
685 1424 725 1501 56
752 1416 1010 1505 Λιβυαφιγενὴς;
1041 1423 1082 1482 ad
1112 1419 1245 1482 alterum

38 1601 42 1612 Ι
132 1524 274 1588 conseras
295 1519 476 1608 Ἰφιγένεια,
495 1519 687 1604 Ἰφιάνασσα
709 1523 756 1603 (cs.
779 1526 819 1598 A,
844 1525 883 1602 38
906 1517 957 1602 ἶφι
980 1516 1152 1602 ἀνάσσεις),
1171 1517 1245 1603 Ἰφι-

132 1631 218 1712 κλῆς,
239 1621 407 1710 Ἰφιδάμας
428 1625 478 1703 (ci.
504 1631 538 1705 T,
560 1641 623 1707 417
647 1621 698 1706 ίφι
720 1624 885 1710 δαμῆναι).

41 1731 45 1740 ’
216 1728 419 1791 Simonidem
446 1747 574 1809 quoque
600 1727 738 1791 subinde
766 1727 919 1790 suffixum
942 1749 981 1808 φι
1002 1728 1161 1808 recepisse
1185 1726 1248 1788 col·

133 1833 230 1912 ligere
252 1833 327 1893 licet
349 1851 391 1893 ex
411 1832 448 1893 fr.
472 1846 521 1911 37,
543 1849 581 1911 19
603 1831 802 1912 κνσφιδίκας
822 1831 916 1910 (Reg.
940 1829 1046 1912 Quelf.
1074 1829 1169 1903 Ald.;
1197 1852 1246 1893 τε·

131 1931 326 2014 κνόφιδίκας
341 1931 463 1995 Victor.
481 1935 523 2014 p).
557 1931 761 2014 Quamquam
780 1931 981 2013 corruptelae
996 1953 1098 2013 κνοφι
1114 1931 1247 1993 subesse

131 2031 271 2116 τεκνόφι
285 2037 437 2116 suspicari
454 2035 723 2116 simplicissimum
734 2043 791 2109 est,
810 2042 919 2096 tamen
929 2033 1072 2114 plerique
1082 2034 1180 2094 critici
1191 2053 1247 2094 ex-

132 2148 225 2220 cepto
244 2136 498 2211 Schneidewino,
521 2139 575 2218 qui
598 2135 687 2217 (Sim.
704 2135 737 2199 C.
757 2135 820 2199 rell.
839 2137 891 2217 74)
908 2129 1049 2216 τεκνόφι
1068 2135 1164 2199 δίκαν
1185 2136 1202 2196 i.
1219 2153 1246 2199 e.

130 2239 250 2322 pueruli
268 2240 370 2321 gratia
387 2240 504 2314 scribit,
519 2241 551 2303 id
570 2249 726 2321 negarunt
744 2239 896 2314 maxime,
913 2248 948 2301 ut
966 2241 1089 2320 opinor,
1111 2257 1183 2300 eam
1202 2236 1247 2298 ob

132 2363 273 2417 causam,
296 2343 384 2422 quod
407 2361 482 2406 usus
505 2341 611 2404 sulfixi
639 2365 676 2423 φι
698 2361 758 2423 pro
780 2362 858 2404 vero
881 2361 955 2403 casu
979 2341 1130 2422 genetivo
1152 2349 1248 2421 atque

132 2447 302 2508 accusativi
331 2445 428 2509 δίκαν
454 2465 513 2527 pro
541 2441 639 2528 χάριν
664 2439 783 2532 ‘causa'
809 2445 948 2506 insolens
971 2445 1024 2519 sit,
1056 2453 1152 2524 atque
1174 2444 1247 2506 Vic-

132 2549 223 2610 torini
246 2549 462 2610 coniecturam
485 2543 587 2627 νόσφι
605 2547 699 2622 δίκας
716 2547 955 2608 adamaverunt.
990 2545 1039 2608 At
1057 2547 1129 2608 adv.
1148 2542 1249 2627 νόσφι

132 2670 225 2713 sensu
244 2648 403 2712 tralaticio
421 2643 514 2736 (άνεν
531 2648 583 2711 vel
601 2641 692 2732 άτερ’
717 2649 853 2729 proinde
869 2658 917 2710 est
936 2649 1129 2711 inusitatum.
1163 2649 1248 2710 Turn

134 2747 233 2833 νόσφι
264 2751 359 2826 δίκας
390 2752 526 2832 praebet
553 2771 683 2812 sensum
711 2749 841 2825 malum,
872 2746 1013 2832 τεκνόφι
1040 2751 1138 2816 δίκαν
1170 2771 1249 2814 vero

134 2856 299 2935 optimum.
332 2853 418 2916 Usus
436 2862 544 2915 autem
566 2851 672 2915 suffixi
696 2877 734 2935 φι
755 2873 815 2934 pro
839 2855 987 2933 genetivo
1006 2854 1065 2917 etsi
1084 2863 1133 2916 est
1152 2875 1250 2932 rarus,

134 2977 197 3018 non
223 2965 273 3020 est
298 2955 473 3036 singularis.
517 2955 601 3017 Nam
629 2957 660 3016 in
682 2956 716 3019 Il.
741 2959 782 3034 Φ,
806 2970 864 3036 295
889 2954 976 3020 κατὰ
1000 2951 1116 3038 Ἰλιόφι
1144 2955 1250 3021 κλυτά

134 3060 241 3141 τείχεα
263 3066 296 3119 et
318 3055 379 3120 Od.
406 3081 438 3140 μ,
459 3070 510 3136 45,
536 3055 642 3132 πολὺς
669 3052 698 3121 δ’
728 3051 805 3141 ἄμφ’
835 3052 996 3138 ὀστεόφιν
1025 3059 1082 3134 θὶς
1112 3053 1250 3141 ἀνδρῶν
1347 3083 1349 3089 ’

134 3159 340 3244 πυθομένων
357 3158 406 3237 (cl.
422 3168 589 3240 praeterea
608 3162 647 3234 Λ,
663 3172 741 3239 350;
763 3162 803 3235 11,
818 3162 893 3240 762)
907 3154 1023 3241 ’Ἰλιόφι
1041 3170 1072 3221 et
1092 3155 1252 3242 ὀστεόφιν

134 3285 197 3326 non
227 3272 365 3344 possunt
394 3263 451 3323 nisi
479 3282 539 3343 pro
569 3263 652 3324 veris
682 3263 839 3342 genetivis
869 3263 977 3343 accipi.
1021 3263 1105 3325 Dein
1128 3265 1251 3326 etiamsi

134 3365 208 3428 illud
231 3365 455 3443 Aeschyleum
477 3367 540 3428 τοῦ
564 3364 679 3461 δίκην,·
702 3364 806 3426 Prom.
828 3365 900 3442 614,
922 3366 1011 3446 quod
1029 3364 1252 3428 Schneidewin

26 3491 27 3522 ι
135 3470 220 3544 citat,
243 3487 308 3528 non
329 3467 424 3548 plane
441 3487 514 3528 cum
536 3467 636 3528 nostri
660 3464 721 3528 loci
744 3466 933 3530 condicione
956 3468 1117 3547 congruit,
1143 3477 1252 3530 tamen

136 3590 238 3632 exeo
256 3570 468 3649 cognoscitur,
492 3567 588 3652 δίκην
606 3589 671 3629 non
686 3568 822 3630 multum
841 3567 1015 3631 abhorrere
1033 3568 1074 3630 ab
1097 3567 1148 3631 illa
1171 3590 1252 3650 quae

135 3671 297 3753 flagitatur
319 3669 549 3750 significatione
575 3665 704 3757 (causa'.
749 3669 899 3734 Ceterum
927 3693 991 3734 non
1019 3681 1086 3734 tam
1113 3687 1253 3734 contem-

136 3776 241 3838 nenda
284 3782 333 3834 est
372 3773 527 3853 scriptura
566 3771 747 3850 Schaeleri,
796 3793 893 3854 quam
932 3775 1100 3855 proposuit
1135 3777 1166 3836 in
1203 3778 1252 3838 ed.

136 3877 232 3941 Dion.
256 3875 338 3949 Hal,
361 3870 502 3954 τεκνόφι
525 3874 601 3962 δίκᾳ
627 3875 682 3961 tob
705 3877 822 3938 iustam
844 3875 887 3938 fili
910 3870 1062 3939 causam’.
1108 3877 1254 3957 Denique

138 3981 162 4042 si
185 3979 357 4040 commatis
380 3978 506 4056 signum
530 3977 787 4040 Rauchensteino
805 3978 904 4056 (lahn.
923 3979 1026 4040 lahrb.
1046 3978 1160 4052 LXXI,
1181 3983 1253 4059 279)

139 4090 270 4144 auctore
300 4089 377 4160 post
409 4099 524 4141 vocem
555 4079 652 4144 δίκαν
682 4081 823 4161 ponitur,
856 4080 936 4142 haec
965 4080 1064 4143 verba
1094 4080 1255 4162 explicare

138 4182 223 4244 licet:
255 4183 342 4262 quod
365 4181 517 4244 audacius
539 4201 654 4262 precor
681 4182 854 4244 liberorum
877 4185 983 4256 instar,
1008 4184 1084 4246 mihi
1108 4184 1256 4264 ignoscas
