3042 4804
701 241 912 288 ...12-

336 395 400 472 Vl.,
423 399 454 458 in
476 396 689 460 numeralibus
712 398 743 458 in
761 417 943 480 -ηκονται
966 394 1044 460 Sim.
1063 410 1122 474 203
1142 387 1364 476 πεντήκοντα.

336 499 415 575 Vll,
436 499 468 560 in
490 497 652 580 particulis
675 499 819 563 adverb:
842 490 872 583 ἢ,
894 487 922 580 ἦ,
944 495 999 584 μή,
1022 494 1062 582 δή
1081 515 1256 577 eorumque
1278 516 1367 558 com·

251 601 376 684 positis:
407 595 473 685 ἠδέ,
504 594 574 686 ἤδη,
603 594 693 686 iicon
719 599 811 686 μηδέ,
836 596 929 686 μήτε,
956 599 1074 684 μηκέτι
1099 598 1137 664 al.
1167 592 1209 681 ἦν
1234 600 1252 660 i.
1276 619 1301 660 e.
1325 619 1365 661 en

251 703 345 778 (Prat.
368 703 390 779 I,
417 707 474 783 15).

336 805 432 880 Vnt,
453 807 484 868 in
507 814 683 886 augmento
701 804 873 886 temporali
888 803 1071 878 verborum,
1093 809 1206 883 utpote
1228 821 1363 882 quorum

251 908 346 989 stirps
377 911 409 970 in
439 906 543 970 fronte
573 931 588 971 ε
619 907 756 970 habeat:
787 904 865 970 Sim.
890 921 928 987 37
956 899 1076 989 ν’ὀιοιεν
1103 906 1195 980 (coni
1223 905 1362 980 Brunck;

252 1010 346 1072 codd.
361 1007 483 1093 έριπεν,
502 1010 590 1090 quod
608 1011 638 1071 in
657 1019 794 1072 metrum
813 1009 938 1090 peccat)
948 1007 995 1071 lb.
1009 1021 1049 1088 54
1063 1000 1187 1092 ἢλσατο
1197 1006 1361 1068 Timocr.1

252 1105 388 1196 ἤχθαρε,
411 1105 533 1196 ἢσθιον
555 1111 711 1193 Apollod.
734 1100 851 1197 ἦλθεν.

336 1214 402 1288 ΙΧ.,
424 1214 456 1275 in
477 1213 755 1276 terminationibus
778 1211 983 1286 coniunctivi,
1010 1212 1056 1274 uti
1084 1211 1211 1293 καθέλη
1239 1208 1316 1272 Sim.
1341 1223 1366 1288 5,

128 1280 153 1378 ,Ι
251 1327 284 1379 et
311 1315 458 1396 optativi,
485 1315 677 1399 υθφανεὶη
704 1313 773 1377 Sim
797 1330 845 1395 37,
868 1323 901 1377 et
928 1314 1037 1378 aoristi
1060 1333 1155 1395 pass,
1184 1313 1229 1375 uti
1261 1307 1366 1396 ἐφάνη

252 1418 334 1482 Stes,
356 1435 407 1495 42.

337 1521 385 1596 X„
406 1520 437 1581 in
460 1521 632 1583 verborum
656 1540 917 1602 quorumcunque
939 1521 1036 1601 stirps
1058 1521 1090 1582 in
1110 1541 1124 1583 ε
1148 1517 1265 1580 desinit
1287 1526 1366 1580 tem·

251 1621 398 1703 poribus,
428 1623 543 1703 quibus
566 1646 581 1687 ε
604 1632 654 1685 est
683 1625 939 1704 producendum,
971 1629 1003 1684 et
1025 1623 1056 1684 in
1078 1619 1255 1695 vocabulis
1286 1639 1366 1701 quae

251 1722 293 1785 ab
315 1723 376 1786 illis
398 1724 551 1805 stirpibus
574 1724 765 1798 derivantur,
792 1724 837 1786 uti
859 1719 998 1808 ἐδόκησε
1024 1721 1107 1786 Stes.
1129 1738 1170 1799 42
1194 1717 1367 1806 διζήμενος
1401 1772 1403 1776 .

252 1822 329 1886 Sim.
354 1838 368 1904 5
408 1823 580 1909 εἰρημένος
603 1839 618 1904 5
643 1819 787 1911 ἄῤῥητος
817 1825 932 1887 Bacch.
955 1842 992 1902 14
1019 1828 1111 1902 (ast.
1144 1821 1198 1908 Ρερ
1221 1825 1272 1886 vel
1292 1819 1367 1907 1⁵0⁶)-

336 1927 436 2008 Apud
459 1927 631 1990 Pindarum
660 1937 767 1990 autem
797 1927 849 1989 vel
877 1927 992 1989 horum
1024 1929 1166 2008 ipsorum
1192 1927 1367 1989 verborum

252 2027 404 2091 nonnulla
434 2037 601 2092 assumunt
632 2031 833 2092 interdum
868 2029 1019 2092 vocalem.
1051 2046 1082 2091 u:
1114 2027 1249 2110 φώνασε
1280 2027 1366 2106 (bis);

251 2128 424 2214 ἐδινοίθην,
449 2125 692 2208 cdxli-divarum
722 2132 964 2216 κεκοναμένος,
995 2135 1133 2213 ποναθῇ
1159 2134 1198 2196 lv.
1221 2131 1315 2192 Peter
1337 2151 1366 2208 p.

256 2249 291 2294 12
308 2239 380 2312 sq.);
404 2252 482 2312 quas
505 2231 626 2296 formas
649 2253 692 2296 ex
710 2233 869 2296 radicibus
888 2234 919 2294 in
938 2257 959 2297 α
976 2233 1155 2294 terminatis
1168 2233 1203 2312 1²)
1221 2251 1368 2295 manasse

251 2333 382 2396 Ahrens
404 2335 451 2414 (ΙΙ,
477 2329 536 2410 148
558 2335 619 2414 sq.)
643 2331 791 2398 ostendit.
835 2335 884 2398 At
911 2336 1025 2410 miror,
1055 2354 1110 2396 cur
1135 2333 1232 2396 nihilo
1263 2337 1366 2396 secius

251 2436 302 2497 hic
333 2438 381 2498 vir
411 2438 526 2498 doctus
557 2436 705 2498 codicum
735 2437 958 2521 γεγενομένον
990 2435 1040 2514 (0.
1063 2434 1119 2511 VI,
1143 2436 1202 2516 53),
1234 2438 1276 2496 de
1305 2456 1368 2516 qua

251 2536 355 2600 forma
373 2536 518 2600 conferas
535 2536 624 2600 Curti
639 2538 740 2604 Verb.
755 2539 777 2614 l,
797 2553 866 2619 390,
885 2539 916 2599 in
934 2537 1155 2623 γεγενημένον
1179 2538 1366 2599 mutandum

252 2660 324 2702 esse
356 2641 521 2702 censuerit.
566 2639 636 2702 Nec
667 2650 775 2703 tamen
801 2641 902 2703 altera
932 2661 976 2702 ex
1006 2649 1111 2721 parte
1130 2626 1365 2701 Schneidewini

251 2742 356 2822 probo
388 2743 557 2816 rationem,
588 2743 642 2822 qui
669 2744 700 2803 in
723 2741 898 2805 Simonidis
926 2761 1055 2822 quoque
1087 2739 1122 2806 ir.
1146 2742 1187 2804 68
1215 2741 1299 2802 nulla
1325 2743 1366 2802 de

251 2863 347 2905 causa
373 2843 431 2906 nisi
460 2852 495 2906 ut
517 2863 589 2905 cum
613 2843 779 2906 Pindarica
801 2843 856 2904 illa
878 2843 983 2904 forma
1005 2842 1147 2906 efficeret
1169 2853 1365 2918 concentum,

252 2946 409 3016 codicum⁴
428 2945 650 3030 γεγεννημένον
680 2947 711 3007 in
742 2945 962 3030 γεγενομένον
994 2949 1141 3021 mutavit;
1177 2947 1294 3007 etenim
1325 2963 1367 3004 ex

251 3046 389 3128 reliquis
402 3046 536 3109 choricis
559 3046 634 3110 nihil
656 3056 765 3129 potest
787 3047 901 3125 afferri,
924 3048 1011 3127 quod
1034 3047 1120 3108 illam
1143 3046 1248 3109 fulciat
1267 3053 1367 3108 muta·

251 3151 380 3212 tionem.
439 3148 513 3230 Qua
544 3151 614 3230 ipsa
645 3152 687 3212 de
717 3169 829 3224 causa,
861 3151 987 3212 etiamsi
1017 3151 1103 3230 apud
1133 3149 1303 3240 Pindarum
1330 3155 1367 3208 et

254 3249 461 3313 Theocritum
489 3247 638 3333 ζαλωτός
667 3260 796 3325 exstat,
817 3251 976 3314 editorum
1007 3259 1188 3313 correctura
1219 3241 1367 3332 ζηλωτός

253 3351 332 3416 Sim.
357 3367 392 3432 71
420 3362 451 3416 et
473 3351 628 3435 ἒπὶζαλος
650 3354 764 3416 Bacch.
789 3371 802 3414 1
828 3373 888 3434 pro
911 3354 1006 3415 codd.
1036 3353 1191 3434 scriptura
1221 3351 1367 3437 ζηλωτός

254 3464 287 3517 et
309 3455 462 3540 ἐπίζηλος
484 3465 533 3518 est
556 3455 775 3536 reprobanda,
807 3475 880 3516 cum
907 3464 984 3517 est
1013 3461 1065 3537 ςες
1087 3452 1185 3536 (Curt.
1199 3455 1272 3516 -Ετ,4
1296 3457 1366 3534 380)

252 3559 424 3637 pendeant.
451 3557 573 3618 -Ex
602 3567 640 3619 st.
673 3556 731 3641 δεμ
762 3556 953 3636 (aedificare)
985 3555 1124 3618 formant
1150 3557 1303 3619 Pindarus
1334 3564 1366 3618 et

253 3659 363 3739 tragici
386 3660 416 3720 in
443 3659 605 3722 cantilenis
628 3659 699 3721 adii.
725 3659 826 3724 verb:
853 3656 1050 3744 νεόόματος,
1082 3653 1259 3742 ἐΰδματος,
1286 3654 1365 3724 θεό-

256 3759 395 3843 θματος,·
418 3781 491 3822 cum
514 3761 558 3822 eis
581 3760 655 3823 facit
677 3759 792 3823 Bacch.
815 3776 833 3841 7
856 3757 1056 3845 θεόδματος.

340 3861 405 3936 ΧΙ.,
436 3864 467 3923 in
497 3861 628 3942 singulis
659 3862 793 3924 vocibus
825 3861 924 3924 hisce:
956 3856 1072 3944 ἀήθων
1103 3861 1148 3927 Ib.
1176 3877 1194 3943 7
1225 3861 1302 3925 Sim.
1326 3877 1363 3942 73

323 4051 355 4114 ¹²)
374 4050 494 4101 Similiter
511 4055 613 4114 propter
631 4050 724 4100 formas
742 4046 931 4114 κοινάσαντες
950 4050 986 4113 (Ρ.
997 4053 1042 4116 IV,
1054 4052 1110 4116 115)
1129 4057 1153 4100 et
1171 4054 1366 4117 παρεκοινᾱτο

253 4120 304 4236 lllr
307 4123 375 4246 Ι311313]
388 4119 498 4250 {glum
518 4115 627 4171 κοινάω
645 4125 743 4182 praeter
761 4119 889 4182 vulgatum
908 4116 1016 4172 κοινόω
1035 4119 1191 4168 statuendum
1212 4126 1247 4168 est
1256 4119 1365 4179 (Curtius
