3042 4804
621 199 834 262 -17-

167 351 282 414 criticis
305 351 478 426 debentur;
501 352 604 416 altero
626 362 734 416 autem
755 353 829 416 loco
850 353 902 418 vel
922 350 1103 446 φανῄμεν’,
1130 350 1216 422 ἀλλά
1238 358 1291 421 vel

46 451 50 462 '
167 454 314 532 φανῐναι
336 453 523 536 (Hoepsner)
545 454 720 535 legendum
743 465 800 518 est.

252 554 399 636 Denique
421 557 454 616 iu
475 555 590 618 Bacch
612 573 663 634 42,
696 576 761 636 quo
788 563 887 638 po'eta
909 557 986 619 dicit
1008 559 1050 620 de
1072 557 1187 622 ionum
1209 561 1292 622 mol-

167 654 232 717 litie
256 665 290 718 et
311 655 445 730 luxuria,
467 656 589 718 vocalis
611 681 631 741 η
653 659 686 719 in
708 653 871 742 ἁβρότητι
894 659 1023 721 minime
1047 669 1097 722 est
1119 661 1291 735 movenda,

168 759 319 838 quoniam
327 767 462 840 poetam
473 779 538 820 non
548 758 653 820 solum
664 757 838 838 rhythmos
850 761 973 822 ionicos
985 758 1058 838 (τὸν
1068 765 1167 844 σφων
1176 757 1294 826 αὐτῶν

167 857 302 944 ῥυθμὸν
324 859 457 944 δηλῶν),
481 862 541 922 sed
564 861 662 922 etiam
684 860 860 922 dialectum
886 863 1024 924 ionicam
1046 865 1163 926 imitari
1186 863 1291 926 forma

167 983 196 1026 v.
220 962 321 1024 subst
340 959 434 1026 ἔασιν
454 982 515 1043 pro
538 959 633 1040 εἰσίν,
655 980 753 1042 quam
771 965 937 1042 ceteroqui
954 962 1072 1026 chorici
1090 973 1209 1046 poetae
1226 986 1292 1028 non

167 1066 356 1139 asciverunt,
378 1073 490 1144 aperte
512 1062 663 1125 declarat

691 1249 761 1330 Ss-

486 1371 527 1418 De
544 1370 648 1433 reliquis
666 1371 753 1419 formis
771 1371 971 1420 aeolicodoricis.

252 1471 274 1532 Ι.
317 1469 393 1532 Alia
424 1470 523 1532 dorici
553 1470 730 1550 aeolicique
760 1472 918 1534 sermonis
952 1475 1151 1554 proprietas,
1193 1496 1290 1558 quam

168 1573 287 1634 chorici
316 1573 348 1633 in
374 1592 468 1634 suum
494 1592 589 1634 usum
618 1571 853 1635 convertebant
880 1592 1042 1654 quamque
1064 1577 1129 1638 iam
1151 1576 1293 1640 Alcman

168 1673 291 1756 (Spiess
322 1672 409 1737 Curt
437 1671 528 1735 stud
556 1672 596 1747 X,
625 1680 699 1752 344)
726 1683 915 1738 constanter
936 1674 1097 1752 adhibuit,
1126 1687 1177 1740 est
1203 1700 1293 1740 con-

168 1779 310 1840 tractio
333 1776 525 1838 vocalium
541 1777 584 1845 ὦ
607 1785 640 1836 et
662 1778 699 1846 m}
721 1777 753 1837 in
775 1801 804 1850 α,
827 1796 911 1856 quae
932 1797 1062 1862 semper
1083 1783 1293 1862 conspicitur:

254 1899 292 1952 a,
318 1880 349 1940 in
380 1898 454 1958 gen
484 1876 527 1957 pl
558 1877 581 1941 I.
613 1877 708 1951 decl3
736 1878 889 1959 exempla
919 1879 984 1960 legi
1013 1881 1108 1944 haec:
1141 1881 1219 1944 Sim.
1255 1886 1292 1946 18

167 1979 280 2061 φιλᾶν,
310 1995 359 2060 37,
380 1998 403 2059 9
423 1982 506 2043 τεᾶν
532 1981 643 2062 κομᾶν
673 1982 826 2058 βαθειᾶν,
851 1997 895 2056 44
921 1986 1065 2058 Μοισᾶν,
1100 1998 1140 2063 45
1177 1981 1292 2067 ἁγνᾶν,

167 2083 283 2147 Bacch.
307 2099 349 2160 34
371 2075 548 2154 ἀεικελιᾶν,
574 2098 620 2159 13,
642 2082 663 2142 6
685 2079 790 2146 αἰθᾶν
812 2077 973 2165 ἀραχνᾶν,
1008 2101 1054 2162 13,
1081 2102 1114 2146 11
1139 2089 1292 2167 χαλκεᾶν,

167 2184 325 2264 Tynnich.
345 2185 491 2260 Μοισᾶν,
514 2182 654 2244 Timocr.
682 2201 694 2244 1
721 2180 816 2267 ἱερᾶν
835 2177 996 2258 Ἀθανόν,
1020 2185 1102 2251 Prat.
1126 2200 1141 2266 5
1168 2182 1291 2253 ἀοιδᾶν

168 2288 274 2368 (codd.
298 2281 419 2351 ἀοιδὰν
441 2282 646 2367 λαβράκταις
667 2307 771 2366 neque
794 2306 875 2368 opus
898 2296 948 2350 est
971 2291 1181 2370 coniecturis),
1205 2289 1292 2356 Stes

157 2403 211 2468 Ἰ50
232 2391 392 2473 patrator)
414 2389 505 2466 (coni.
528 2386 649 2466 Bergk;
672 2388 767 2450 codd.
789 2385 957 2472 μάλιστα);
979 2393 1011 2451 in
1030 2394 1211 2474 adespoton
1233 2409 1288 2454 101

168 2494 293 2555 πολιᾶν
316 2498 349 2552 et
374 2505 435 2566 140
456 2491 645 2570 συντυχιᾶν.
673 2489 720 2552 lb.
747 2506 759 2550 1
787 2487 886 2574 ῥοᾱν,
909 2507 949 2552 22
969 2486 1134 2575 ἀναριτᾶν
1150 2495 1293 2575 (Bergk),

168 2595 212 2656 60
240 2594 451 2676 τραπεζητᾶν
481 2594 605 2667 vuarim
645 2591 698 2671 qui
733 2589 814 2653 alter
851 2593 1020 2672 genetivus
1055 2615 1157 2676 aeque
1193 2606 1292 2676 atque

169 2693 268 2778 αἷγᾶν
292 2697 323 2756 in
344 2692 482 2756 Theocr.
505 2691 552 2756 Id.
574 2691 615 2765 V,
642 2705 713 2770 1453
736 2692 822 2766 VIII,
843 2710 886 2773 49
908 2694 949 2756 ab
971 2693 1121 2758 Ahrente
1148 2697 1197 2778 (II,
1216 2700 1289 2778 229)

169 2817 298 2859 summo
321 2796 388 2857 iure
409 2795 441 2855 in
463 2796 679 2876 suspicionem
698 2804 748 2856 est
765 2805 912 2872 vocatus;
935 2799 1056 2858 etenim
1079 2798 1226 2861 librarios
1249 2800 1293 2862 ad

169 2901 345 2960 vicinarum
372 2896 636 2958 terminationum
665 2895 907 2960 similitudinem
934 2934 976 2944 -
1004 2900 1036 2958 id
1063 2903 1152 2980 quod
1180 2902 1234 2962 vel
1260 2903 1292 2961 in

169 2999 331 3080 Euripidis
359 2999 437 3060 Hec.
465 3011 544 3076 1053
568 3005 601 3058 et
623 2996 696 3060 Hel.
719 3000 781 3077 378
808 2997 915 3060 Aldus
942 2998 1104 3062 Manutius
1131 3002 1293 3062 commisit

169 3101 295 3164 -has
322 3102 477 3162 barbaras
504 3098 623 3161 formas
657 3097 878 3162 conformasse
910 3099 1010 3180 liquet
1038 3111 1071 3163 et
1098 3102 1175 3164 nihil
1205 3103 1294 3165 valet

170 3203 404 3266 Schneidewini
432 3201 488 3279 (lb.
509 3201 613 3280 Rheg.
639 3201 703 3264 rell.
727 3203 800 3282 201]
828 3201 950 3282 opini0,
982 3203 1036 3282 qui
1058 3203 1195 3283 Ibycum
1219 3205 1294 3285 quia

171 3326 280 3369 sermo
314 3305 354 3366 sit
386 3303 427 3384 de
458 3301 590 3366 canibus
622 3303 807 3364 domesticis
839 3301 927 3364 illam
951 3301 1088 3366 sormam
1115 3326 1134 3368 e
1163 3305 1293 3386 plebeio

170 3406 349 3470 Siculorum
377 3425 527 3468 sermone
553 3406 705 3466 ascivisse
730 3412 832 3484 putat
881 3405 1053 3486 Nunquam
1084 3406 1202 3468 chorici
1233 3426 1293 3488 po·

171 3517 303 3571 suerunt
328 3508 445 3569 horum
474 3508 698 3586 genetivorum
725 3505 863 3568 formam
890 3508 1015 3588 epicam
1040 3507 1091 3570 vel
1117 3507 1295 3588 vulgarem,

171 3631 271 3691 quare
299 3612 330 3670 in
360 3607 515 3690 Apollod.
547 3606 582 3672 fr.
615 3628 675 3688 pro
706 3603 863 3690 θυράων,
894 3611 926 3669 in
955 3607 1072 3672 Bacch.
1101 3625 1147 3688 13,
1178 3625 1197 3670 2
1231 3629 1293 3691 pro

170 3708 316 3790 ἀοιδῶν,
346 3713 378 3772 in
405 3710 516 3792 adesp.
547 3726 595 3789 39,
626 3726 662 3771 12
690 3711 717 3771 si
751 3718 802 3772 est
828 3708 1004 3772 Stesichori
1030 3730 1090 3792 pro
1118 3705 1292 3794 ἀργαλέων

171 3809 307 3880 ὀδυνῶν
332 3811 537 3875 reducendae
567 3820 642 3874 sunt
668 3809 792 3876 formae
819 3812 973 3894 depulsae
999 3815 1128 3894 θυρᾶν,
1159 3807 1294 3892 ἀοιδᾶν,

171 3911 338 3999 ἀργαλεᾶν
369 3908 505 3980 ὀδυνᾶν.
550 3913 698 3994 Denique
729 3914 760 3976 in
781 3913 828 3975 lb.
862 3927 877 3993 5
918 3914 1090 3998 γλαυκέων
1121 3916 1292 3998 (χαρίτων)

170 4019 235 4080 iam
258 4026 362 4080 metro
385 4015 587 4097 reprobatur,
615 4035 688 4077 cum
715 4035 783 4076 vox
810 4019 1015 4097 anapaestica
1038 4016 1238 4079 desideretur
1259 4026 1293 4078 et

170 4119 232 4184 adi.
257 4115 434 4196 γλαύκειος
462 4137 527 4178 non
551 4126 708 4199 appareat
734 4119 765 4178 in
791 4117 898 4198 lingua
925 4117 1050 4182 Graeca
1078 4118 1138 4181 nisi
1160 4119 1191 4180 in
1217 4139 1295 4200 pro·

1088 4234 1103 4269 2
