3042 4804
274 413 318 488 H.‚
343 413 470 475 Deinde
493 414 524 475 in
543 411 595 476 ΙΙΙ.
613 413 655 494 pl.
674 415 737 475 ind.
761 427 863 494 praes.
882 423 915 477 et
930 414 985 480 fut.
1001 424 1060 478 act.
1076 417 1309 497 coniugationis

188 515 382 578 thematicae
417 525 572 596 usurpant
606 517 732 581 termin.
772 517 934 596 -οισι(ν).
999 516 1092 599 Quae
1127 519 1309 580 terminatio

188 618 274 698 apud
296 617 469 679 Pindarum
500 617 602 690 variat
631 637 704 680 cum
737 617 845 680 dorica
875 639 1003 696 -οντι,
1035 619 1123 682 velut
1153 613 1261 699 ἄξοισι
1276 621 1311 699 ¹⁹)

141 757 145 764 ·
189 720 233 798 (P.
259 719 317 797 IV,
351 723 400 798 13)
432 728 464 780 et
495 712 617 802 ἄγοντι
648 719 692 797 (Ρ.
720 719 791 795 VII,
822 721 870 796 12)
893 740 924 784 v.
948 720 1042 783 Peter
1063 742 1093 802 p.
1118 723 1165 800 56.
1209 721 1311 803 Apud

190 821 322 901 lbycum
341 823 373 882 in
392 841 453 883 una
472 839 555 901 quae
574 829 673 884 restat
690 840 773 902 pers.
789 821 839 883 ΙΙΙ.
859 822 900 902 pl.
920 822 1122 888 θαλέθοισιν
1140 823 1185 903 (ir.
1206 827 1232 901 1)
1247 844 1311 886 ser·

190 933 281 984 vatur
310 923 414 984 forma
444 923 572 985 aeolica.
617 923 665 985 At
695 924 727 985 in
750 922 924 986 Simonidis
951 924 1139 1004 fragmentis
1167 926 1238 988 libri
1260 934 1310 988 ter

190 1025 319 1086 tradunt
341 1023 504 1105 vulgares:
527 1024 704 1089 καλέουσιν
727 1027 800 1104 (12),
825 1025 981 1090 καλέουσι
1007 1027 1080 1106 (31),
1109 1027 1310 1092 κλέπτουσιν

189 1128 260 1206 (42).
303 1125 339 1187 In
362 1127 506 1188 eiusdem
528 1145 607 1188 vero
625 1134 742 1208 poetae
765 1125 800 1192 fr.
828 1127 954 1188 1Pn'sc.
973 1129 1044 1190 cod.
1066 1127 1100 1189 A
1123 1137 1310 1210 corruptum

189 1223 436 1311 ἀποτρεπολοει,
463 1230 558 1290 codd.
577 1229 600 1290 P
619 1227 651 1290 V
675 1231 854 1309 corruptius
877 1222 1126 1313 ἄποτοειιουσει
1143 1231 1309 1312 praebent.

189 1331 241 1392 Ex
265 1333 336 1394 cod.
360 1330 393 1392 A
416 1333 523 1412 script.
546 1329 772 1394 Schneidewin
795 1331 932 1394 restituit
954 1325 1193 1415 ἄποτρέποισα.
1241 1333 1310 1394 Nec

188 1442 298 1495 tamen
325 1432 528 1512 intellegitur,
556 1434 723 1513 quomodo
754 1432 875 1494 vocalis
904 1455 925 1496 α
946 1433 978 1494 in
1001 1455 1030 1496 ει
1057 1435 1224 1515 depravari
1251 1453 1308 1516 po·

188 1536 291 1596 tuerit.
341 1532 423 1596 Cum
451 1543 560 1596 autem
588 1535 663 1596 inde
689 1534 732 1596 ab
759 1533 991 1596 Alexandrinis
1018 1557 1047 1598 ει
1078 1544 1111 1597 et
1139 1559 1150 1599 ι
1179 1555 1309 1616 prorsus

171 1656 292 1717 -aeque
315 1657 333 1698 a
356 1635 485 1698 Graecis
508 1636 787 1717 pronuntiarentur
811 1637 1063 1717 saepissimeque
1081 1637 1113 1698 id
1132 1638 1221 1717 quod
1238 1637 1309 1700 libri

154 1723 157 1726 Α
189 1737 238 1816 tei.
264 1737 386 1819 Sapph.
401 1739 443 1800 66
458 1754 569 1819 φαισει
587 1757 648 1818 pro
671 1739 776 1817 φαῖσι)
799 1746 831 1800 et
849 1738 931 1800 tituli
949 1737 1071 1800 affatim
1087 1740 1206 1801 docent
1229 1740 1310 1802 inter

189 1859 260 1902 sese
300 1840 586 1913 confunderentur,
629 1833 745 1920 Bergki
792 1840 1052 1902 emendationem
1089 1833 1309 1924 ἄποτοέποισι

190 1941 293 2003 solam
320 1941 372 2004 hic
404 1961 475 2003 esse
503 1961 611 2002 veram
640 1949 757 2002 statuo
800 1941 912 2021 ltaque
934 1940 1021 2002 haud
1043 1942 1110 2004 scio
1134 1962 1175 2003 an
1197 1961 1309 2004 verum

189 2045 326 2106 assecuti
349 2043 505 2125 simuspsi
528 2042 560 2103 in
578 2043 692 2104 ceteris
711 2061 839 2122 quoque
859 2040 1052 2104 Simonideis
1071 2042 1151 2105 locis
1169 2041 1308 2105 formam

191 2145 347 2208 aeolicam
363 2145 556 2226 reponimus.
582 2145 617 2206 ln
635 2143 686 2210 irr.
709 2160 745 2206 12
765 2153 797 2206 et
814 2159 855 2222 42
875 2144 919 2206 ob
938 2167 958 2208 ν
977 2143 1099 2225 ephelc.
1117 2165 1182 2206 non
1200 2144 1309 2207 reduci

189 2256 299 2328 potest
314 2249 372 2308 nisi
395 2247 563 2312 καλέοισιν
586 2255 619 2309 et
641 2245 842 2311 κλέπτοισιν.
873 2246 910 2307 ln
928 2247 964 2310 fr.
986 2263 1021 2326 31
1046 2255 1154 2309 autem
1172 2246 1309 2322 dubites,

190 2357 295 2411 utrum
325 2349 473 2414 καλέοισι
502 2368 543 2410 an
569 2348 725 2413 καλέοντι
751 2367 897 2428 reponas
945 2347 1106 2428 Equidem
1129 2347 1309 2430 praeferam

189 2451 351 2528 καλέοισι,
388 2470 452 2530 quo
484 2449 605 2512 facilius
637 2450 820 2531 corruptela
849 2449 1003 2514 καλέουσι
1035 2449 1222 2531 explicetur.
1273 2449 1309 2512 In

188 2551 266 2615 Sim.
291 2566 317 2632 5,
344 2569 382 2630 14
411 2551 519 2632 Bergk
549 2551 714 2633 φιλέοισιν
749 2551 887 2632 scripsit;
921 2551 980 2612 sed
1006 2571 1080 2612 cum
1106 2553 1200 2614 codd.
1227 2554 1307 2614 coni.

189 2657 331 2735 φιλῶσιν
353 2654 538 2735 praebeant,
566 2654 661 2715 etiam
685 2652 788 2715 forma
814 2653 894 2714 coni.
917 2653 1028 2720 soluta¹
1042 2651 1132 2734 (cis
1158 2669 1205 2732 10,
1226 2652 1255 2714 II
1278 2656 1307 2732 2)

189 2756 347 2837 φιλέοισιν
370 2760 451 2818 bene
473 2754 546 2816 ferri
568 2763 688 2836 potest.
711 2789 755 2800 --
776 2755 827 2817 De
850 2753 1070 2834 Bacchylideis
1097 2745 1180 2836 qdae
1201 2757 1308 2842 insunt

189 2857 224 2920 ir.
256 2872 294 2937 27
327 2857 436 2918 lormis
467 2855 571 2919 atticis
601 2858 845 2942 μαρμαίρουσιν
881 2865 914 2918 et
945 2850 1084 2940 ἄγουσιν
1115 2858 1179 2920 iam
1210 2877 1308 2938 supra

189 2961 379 3021 monuimus.
422 2957 500 3020 Alia
522 2961 608 3041 apud
631 2957 778 3020 choricos
801 2960 917 3021 desunt
939 2959 1100 3040 exempla.

274 3060 335 3135 111.
365 3061 467 3123 Porro
498 3061 530 3122 in
561 3081 626 3122 acc.
661 3060 702 3141 pl.
729 3061 751 3122 Ι.
779 3068 811 3122 et
835 3060 873 3122 ll.
906 3059 986 3124 decl.
1016 3060 1104 3142 apud
1134 3043 1307 3124 Pindarum

189 3171 315 3243 praeter
333 3162 445 3226 solitas
463 3161 622 3226 clausulas
638 3185 719 3238 -ας
737 3170 770 3224 et
784 3183 888 3236 -ους
905 3163 1064 3224 interdum
1079 3161 1196 3224 lesbias
1213 3185 1308 3239 -αις

191 3273 223 3326 et
240 3286 335 3338 -οις
364 3267 419 3340 (ex
440 3287 543 3338 -ανς
565 3273 598 3326 et
620 3269 733 3338 -ονς)
764 3263 1001 3346 deprendimus.
1049 3263 1112 3344 Qui
1135 3267 1306 3328 accusativi

189 3365 391 3428 librariorum
410 3365 504 3447 culpa
527 3387 545 3428 e
567 3374 659 3428 textu
681 3363 826 3446 propulsi
844 3365 993 3427 videntur
1015 3385 1095 3440 esse,
1117 3375 1152 3428 ut
1170 3367 1224 3429 ubi
1246 3387 1306 3448 pro

191 3467 306 3529 dativis
329 3467 532 3530 habebantur
553 3466 658 3529 solum
680 3466 744 3528 sint
766 3465 894 3528 servati.
925 3467 1093 3547 Indagavit
1111 3487 1167 3529 eos
1185 3468 1306 3548 primus

189 3567 298 3648 Bergk
327 3571 388 3646 (ed.
415 3569 459 3630 Ill
484 3577 562 3631 nota
590 3569 631 3631 ad
655 3568 694 3633 Ο.
722 3567 768 3642 V‚=
789 3570 830 3642 6),
859 3568 1057 3630 enumeravit
1083 3567 1177 3630 Peter
1203 3589 1234 3649 p.
1259 3585 1307 3648 34

259 3703 291 3768 ¹9)
311 3705 375 3755 Cum
393 3710 464 3756 term.
474 3721 572 3758 -οντι
590 3720 717 3769 nunquam
735 3709 844 3755 assumat
861 3699 1106 3770 νέφελκυοτικόν,
1123 3705 1245 3754 Pindarus
1264 3706 1307 3755 ubi

189 3773 288 3838 syllaba
315 3773 396 3838 longa
417 3789 480 3838 opus
503 3779 540 3824 est
564 3774 605 3822 vel
622 3774 705 3822 hiatus
723 3774 871 3838 fugiendus,
895 3773 979 3837 posuit
994 3787 1114 3826 -οισιν.
1148 3772 1204 3822 Nec
1222 3779 1307 3824 tamen

189 3851 258 3916 quod
267 3851 370 3902 Boeclrh
389 3850 460 3914 (nott.
471 3851 533 3900 critt.
545 3851 576 3900 O.
591 3850 625 3914 II,
636 3847 678 3913 78)
696 3850 809 3900 decrevit
826 3849 961 3898 Pindarum
980 3853 1051 3901 term.
1064 3864 1155 3902 -οιοι
1174 3866 1190 3902 ν
1208 3849 1306 3914 ephelc.

190 3925 316 3968 carentem
348 3935 400 3969 non
430 3919 549 3968 ascivisse
573 3919 622 3968 nisi
644 3923 670 3968 ut
692 3916 883 3984 κακοφωνίοιν
905 3917 1006 3976 vitaret,
1029 3917 1092 3966 mibi
1109 3914 1243 3981 probabile
1262 3921 1306 3982 est,

190 4003 245 4035 cum
266 3989 416 4052 nesciamus,
434 3986 496 4052 quid
514 3987 669 4036 Graecorum
688 3987 786 4036 auribus
804 3985 945 4050 amoenius,
963 3984 1025 4055 quid
1043 3985 1138 4050 turpius
1155 3985 1266 4034 sonuerit
1284 3991 1308 4034 et

190 4070 234 4104 cur
243 4053 354 4108 ναίοντι
370 4057 442 4120 peius
457 4071 532 4119 quam
542 4053 651 4108 volutor
669 4059 741 4104 sonet
758 4069 804 4104 nec
823 4053 926 4103 Boeckh
944 4053 998 4117 ipse
1017 4069 1065 4102 nec
1082 4053 1125 4118 qui
1143 4067 1200 4102 eum
1217 4053 1308 4117 probat

189 4124 263 4171 Peter
290 4124 373 4172 dicere
397 4124 512 4188 potuerit.
553 4123 688 4172 Pindarum
711 4137 771 4172 vero
800 4122 912 4171 doricam
935 4121 1071 4170 clausulam
1099 4121 1211 4171 aeolicae
1233 4135 1307 4186 prae·

189 4190 273 4240 tulisse
291 4192 481 4241 eoncedendum
500 4196 544 4241 est.
