3042 4804
594 236 807 298 ..39-

145 389 304 452 Alcaeum
327 397 359 450 et
382 387 593 469 Sapphonem
616 389 780 469 digamma
803 391 834 450 in
864 385 1055 450 carminibus
1079 383 1265 446 exhibuisse
1300 373 1309 384 ⁸

145 492 324 572 compluria
354 489 636 552 alexandrinorum
668 491 951 571 grammaticorum
983 486 1143 552 affirmant
1176 486 1264 548 testi·

145 594 268 668 monia,
299 592 454 673 imprimis
484 590 640 673 Apolloni
668 593 768 672 Dysc.
797 594 838 654 de
865 611 955 672 pron.
980 591 1047 669 358,
1069 587 1110 662 B,
1143 586 1204 672 366
1222 586 1264 661 A,

145 696 208 775 396
215 694 252 769 B,
267 696 321 774 qui
339 695 470 774 quidem
488 695 532 756 ob
551 693 611 756 hos
629 701 742 776 po'etas
761 693 925 774 digamma
943 693 1087 754 nominat
1108 688 1264 751 aeolicum

144 794 198 876 (τό
220 793 385 862 Αἰολικὸν
407 795 571 880 δίγαμμα).
617 796 702 858 Dein
729 816 802 859 curn
829 794 1031 876 grammatici
1057 791 1264 871 digammatis

144 917 238 960 usum
260 900 347 978 apud
363 896 538 960 Corinnam
556 901 724 980 po'e'triam,
746 897 873 962 Pindari
891 895 1082 977 popularem
1104 897 1264 954 testentur

144 998 264 1080 <Apoll
290 999 332 1061 de
354 1020 444 1081 pron.
474 1001 536 1080 396
553 999 588 1075 B,
615 999 653 1064 cl.
685 998 759 1064 Cor.
786 999 821 1062 lr.
857 1000 905 1078 19)
936 996 1034 1078 idque
1061 1013 1207 1068 revera,
1239 993 1265 1052 si

144 1103 366 1181 grammaticis
397 1102 496 1166 fidem
527 1102 648 1166 habere
678 1103 839 1176 nolumus,
879 1103 910 1162 in
941 1097 1107 1161 Alcmanis
1137 1114 1263 1176 papyro

144 1223 247 1283 nuper
269 1223 289 1264 a
307 1202 480 1267 Marietteo
498 1213 627 1286 reperto
645 1206 799 1286 scriptum
822 1202 1021 1275 exhibeatur,
1045 1219 1087 1263 ex
1105 1198 1264 1260 contrario

145 1313 177 1366 et
200 1306 401 1384 grammatici
429 1315 461 1367 et
487 1305 679 1369 scholiastae
706 1307 747 1368 de
774 1304 980 1386 digammatis
1003 1322 1062 1364 usu
1085 1301 1116 1362 in
1138 1298 1264 1360 Pindari

144 1405 337 1468 carminibus
368 1426 498 1487 prorsus
530 1407 622 1470 silent
654 1427 758 1487 neque
788 1409 820 1470 in
851 1406 1013 1470 codicibus
1049 1405 1103 1484 qui
1135 1409 1265 1464 exstant

144 1517 232 1570 certa
259 1510 325 1570 eius
355 1509 492 1588 vestigia
518 1509 725 1572 inveniuntur.
782 1508 889 1570 Nihilo
918 1517 1028 1570 tamen
1055 1505 1159 1566 minus
1188 1523 1265 1565 non·

144 1608 219 1670 nulli
241 1610 340 1672 critici
363 1630 500 1690 quorum
523 1613 590 1674 dux
609 1621 658 1674 est
672 1611 781 1692 Bergk
799 1612 966 1691 digamma
981 1607 1174 1686 investigare
1192 1612 1266 1666 sunt

144 1711 251 1772 conati
282 1731 324 1772 ex
353 1714 509 1793 corruptis
538 1714 730 1793 quibusdam
761 1712 848 1776 locis.
897 1713 1055 1776 Attamen
1082 1725 1193 1770 eorum
1220 1706 1264 1766 in·

144 1814 375 1892 vestigationes
405 1814 522 1894 partim
554 1813 694 1878 incertae
724 1815 841 1894 partim
879 1833 1011 1895 prorsus
1046 1809 1147 1872 falsae
1183 1814 1265 1868 sunt.

144 1913 279 1976 Prorsus
306 1915 391 1978 enini
418 1936 438 1977 a
464 1935 542 1978 vero
569 1916 730 1979 aberravit
752 1916 872 1996 Bergk,
903 1916 935 1976 id
958 1914 1133 1995 quodiam
1157 1907 1265 1971 Christ

144 2017 282 2089 monuit,
309 2036 382 2079 curn
405 2016 543 2082 affirmet
565 2019 595 2080 in
622 2019 708 2083 Pind.
731 2018 770 2080 N.
793 2017 849 2090 III,
876 2030 910 2096 15
936 2012 1019 2081 τεάν
1042 2036 1085 2078 ex
1121 2007 1201 2086 Ρεάν
1231 2017 1264 2071 et

143 2115 168 2195 J.
180 2114 266 2193 VIII,
288 2132 324 2198 17
341 2112 538 2184 Ἀσωπίδων
555 2114 784 2185 θ’ὁπλόταται
802 2140 844 2182 ex
867 2114 1073 2201 Fouldrorrou
1092 2136 1111 2176 a
1128 2111 1264 2176 librariis

146 2228 333 2300 corruptum
357 2241 438 2299 esse,
460 2222 619 2302 siquidem
646 2221 732 2286 illam
755 2223 954 2302 pronominis
976 2219 1114 2282 sormam
1141 2209 1265 2294 *officina

145 2316 248 2402 '‘ifoiv,
276 2318 335 2386 ἓάν
358 2343 429 2386 esse
451 2325 528 2386 satis
552 2332 676 2398 notum,
704 2345 819 2387 vocem
843 2315 950 2389 ὅπλον
973 2331 1081 2384 autem
1104 2322 1136 2382 in
1160 2318 1264 2380 fronte

145 2444 210 2486 non
245 2419 270 2504 Ρ,
298 2427 357 2488 sed
386 2442 405 2489 o
433 2425 588 2488 abiecisse
615 2423 714 2503 (Curt.
736 2427 802 2490 Et.⁴
824 2429 899 2505 453)
920 2421 1185 2487 verisimillimum
1208 2427 1264 2480 est.

145 2527 181 2588 In
204 2527 332 2608 reliquis
355 2547 433 2590 vero
456 2530 596 2607 quinque
619 2527 706 2601 locis,
729 2548 811 2607 quos
835 2527 944 2608 Bergk
966 2525 1058 2588 affert
1080 2523 1131 2601 (O.
1149 2521 1205 2596 IV,
1228 2535 1266 2580 10

142 2631 292 2711 χαρίτων
309 2623 342 2694 θ’
364 2626 466 2702 ἕκατι,
484 2628 508 2708 ].
519 2628 560 2703 V,
576 2645 593 2690 2
614 2629 669 2693 σέο
685 2623 711 2712 γ’
733 2625 834 2704 ἕκατι,
850 2630 882 2691 Ρ.
901 2627 971 2703 Vll,
997 2642 1011 2707 5
1036 2627 1113 2690 τίνα
1130 2617 1265 2694 donov,

146 2730 184 2794 O.
211 2731 234 2805 I,
258 2749 301 2810 99
332 2725 470 2796 ἀέθλων
499 2725 526 2813 γ’
557 2727 679 2806 ἕνεκεν,
703 2731 729 2811 J.
761 2731 816 2804 VI,
846 2747 887 2807 42
918 2733 1081 2797 τοιοῦτον
1112 2751 1146 2792 τι
1175 2723 1264 2801 inne)

147 2831 255 2894 Christ
273 2832 393 2906 (Philol.
416 2833 523 2908 XXV,
549 2834 624 2912 634)
646 2833 788 2912 Bergkio
811 2835 967 2898 concedit.

234 2933 360 3015 Quibus
387 2933 465 2996 locis
491 2935 558 2998 nixi
584 2934 709 3015 Bergk,
738 2935 846 3011 Peter,
874 2932 1046 2997 Christ-
1068 2949 1263 3012 quamquam

146 3036 198 3100 hic
220 3035 281 3098 sibi
303 3057 367 3098 non
396 3057 528 3117 prorsus
555 3045 682 3100 constat
692 3037 728 3115 ²⁸)
750 3073 792 3083 ——
815 3037 1022 3118 digammatis
1043 3037 1171 3115 signum
1193 3032 1263 3093 Pin-

146 3142 226 3201 daro
249 3139 411 3202 vindicant
434 3148 467 3202 et
488 3141 520 3202 in
542 3147 668 3202 textum
691 3140 851 3202 inducunt.
894 3138 987 3221 Quae
1010 3140 1092 3200 ratio
1114 3135 1265 3198 audacior

147 3250 214 3319 est,
243 3261 285 3303 ne
316 3241 435 3315 dicam,
467 3240 552 3304 falsa.
598 3239 663 3303 Cur
684 3261 749 3304 non
772 3261 815 3304 ex
838 3242 998 3304 contrario
1021 3247 1171 3311 statuunt,
1193 3237 1264 3299 illas

146 3343 320 3424 particulas
342 3363 361 3406 a
383 3342 517 3406 librariis
540 3352 572 3408 et
594 3343 662 3406 aliis
686 3345 727 3406 de
750 3344 853 3406 causis
877 3351 910 3406 et
927 3352 962 3405 ut
984 3341 1107 3406 hiatum
1125 3341 1156 3421 (J.
1171 3340 1212 3413 V,
1232 3357 1264 3412 2;

146 3445 179 3506 P.
199 3444 271 3519 VII,
293 3447 322 3524 5)
343 3445 404 3508 sibi
426 3455 610 3526 suspectum
632 3445 831 3526 brevemque
852 3444 1014 3526 syllabam
1029 3444 1073 3521 (in
1090 3442 1264 3519 τοιοῦτόν)

146 3547 305 3620 tollerent,
327 3549 506 3609 intextum
530 3567 601 3610 esse
623 3547 743 3610 illatas?
765 3546 894 3627 Nempe
910 3547 943 3608 id
960 3547 991 3608 in
1009 3544 1143 3606 aliorum
1166 3543 1264 3623 scrip-

146 3658 255 3712 torum
279 3648 366 3710 libris
389 3651 517 3729 saepius
544 3669 616 3712 esse
638 3649 756 3711 lactum
779 3649 861 3712 inter
882 3649 969 3710 viros
992 3647 1108 3708 doctos
1130 3652 1266 3708 constat.

217 3883 249 3948 ²⁸)
267 3886 334 3935 Nam
355 3885 441 3936 Christ
459 3902 613 3951 quamquam
635 3889 660 3936 in
684 3888 729 3937 illa
749 3903 822 3952 quam
842 3881 868 3936 in
886 3887 1023 3951 Philologo
1041 3887 1120 3936 edidit
1137 3900 1265 3935 commen·

150 3955 245 4003 tatione
273 3955 299 4002 in
325 3955 428 4004 Pindari
454 3957 607 4005 carminibus
634 3957 764 4018 digamma
791 3957 964 4004 tantummodo
990 3955 1190 4020 pronuntiatum,
1215 3967 1265 4002 non

147 4024 266 4086 scriptum
294 4037 401 4086 eamque
424 4024 458 4070 ob
482 4038 581 4072 causam
607 4025 633 4072 in
651 4025 752 4090 spiritus
770 4024 874 4072 modum
893 4039 967 4090 super
985 4024 1080 4073 litteras
1105 4022 1264 4072 scribendum

148 4105 203 4138 esse
218 4097 311 4151 censet,
330 4089 411 4138 nihilo
429 4091 511 4139 minus
529 4093 554 4139 in
572 4092 682 4140 editione
700 4093 839 4140 carminum
850 4093 1037 4141 Pindaricorum
1048 4093 1101 4140 sine
1111 4091 1267 4141 dubitatione

147 4159 171 4206 in
190 4164 259 4208 textu
277 4158 438 4222 digammatis
456 4159 562 4207 litteram
582 4161 709 4223 imposuit.
