3042 4804
580 238 792 301 ..29-

125 388 281 476 πορεύεν,
304 386 443 475 ἀγαγέν,
467 388 612 474 τράφεν,
635 389 787 474 κεραΐζεν
815 394 845 454 in
868 391 994 454 Pindari
1017 393 1156 474 epiniciis
1177 401 1246 456 tum

127 513 202 556 curn
220 513 263 554 ex
278 501 389 556 vetere
404 494 435 554 in
458 513 576 554 novam
594 493 804 556 litteraturam
822 492 1094 556 transferebantur
1112 517 1131 556 a
1147 503 1249 556 trans·

127 595 340 658 scribentibus
359 593 431 656 solo
450 614 558 657 errore
573 594 701 658 relictos
725 615 795 658 esse
814 604 846 658 et
863 596 1035 658 Pindarum
1057 597 1161 660 ubivis
1183 617 1248 658 non

127 717 222 760 usum
240 715 313 760 esse
330 699 390 759 nisi
408 695 570 760 infinitivis
588 699 620 758 in
631 700 716 767 -ξῖν
729 695 838 760 Christ
854 696 979 775 (Philol.
998 695 1105 772 XXV,
1112 701 1175 761 628
1187 700 1247 778 sq.)

128 798 212 861 clare
235 799 477 874 demonstravit,
499 807 608 861 tamen
631 807 798 879 correptos
822 818 885 862 acc.
906 799 949 881 pl.
969 816 997 866 2.
1016 800 1095 862 decl.
1119 801 1150 861 in
1169 823 1248 875 -ος

128 921 225 965 nemo
258 921 425 964 removere
460 909 578 983 potest.
631 892 989 991 Etenim'quamquam
1017 902 1069 964 vel
1099 900 1150 964 hic
1180 912 1247 966 tres

129 999 234 1080 (ἐσλός
256 1003 294 1068 Ν.
319 1003 343 1079 Ι,
366 1020 416 1080 24,
438 997 607 1087 ὑπερόχος
628 1003 667 1068 Ν.
692 1005 743 1077 ΙΙΙ,
771 1021 820 1081 24,
847 1001 968 1088 ἡμένος
990 1003 1029 1068 Ν.
1052 1004 1093 1082 Χ,
1115 1004 1167 1084 62)
1191 1025 1248 1082 per

129 1125 271 1168 errorem
289 1105 341 1168 vel
359 1107 512 1168 incuriam
528 1125 572 1168 ex
586 1107 717 1185 antiqua
732 1107 909 1170 litteratura
926 1107 1082 1168 restitisse
1096 1107 1248 1170 contendi

128 1207 215 1282 licet,
247 1216 356 1270 tamen
379 1208 411 1270 in
436 1207 562 1270 duobus
585 1211 700 1285 (νᾶσος
722 1206 762 1270 Ο.
785 1208 821 1282 ΙΙ,
849 1223 898 1287 71,
925 1200 1022 1283 ἐσλός
1052 1207 1092 1273 Ν.
1116 1208 1168 1284 ΙΙΙ,
1197 1213 1246 1289 29)

128 1317 268 1371 metrum
290 1314 423 1371 brevem
441 1309 601 1390 syllabam
627 1312 807 1372 necessario
836 1310 986 1390 postulat.
1030 1309 1066 1371 In
1093 1309 1132 1373 Ο.
1154 1311 1176 1385 Ι,
1209 1324 1248 1390 54

127 1405 318 1494 κακαγόρος
339 1412 509 1492 ancipitem
534 1412 664 1492 quidem
687 1411 847 1491 syllabam
874 1413 1027 1486 admittit,
1059 1414 1117 1475 sed
1141 1410 1248 1474 Christ

128 1522 162 1574 et
179 1511 288 1592 Bergk
306 1509 516 1597 κακαγόρους
530 1523 773 1595 proposuerunt.
805 1511 961 1576 Ahrentis
983 1515 1082 1593 (verh.
1107 1515 1137 1576 d.
1160 1513 1247 1576 Gott.

127 1615 207 1676 Phil.
231 1636 311 1678 vers.
331 1617 383 1696 76)
402 1617 596 1698 opinionem,
619 1618 672 1698 qui
691 1617 863 1680 Pindarum
882 1619 1100 1680 annumeratis
1124 1617 1248 1680 duabus

128 1718 241 1780 lormis
260 1716 296 1782 ἐν
313 1737 373 1799 pro
392 1717 439 1794 εἰς
457 1727 490 1782 et
506 1713 577 1802 περ’
602 1739 662 1800 pro
677 1720 755 1802 napi
777 1718 860 1781 hunc
882 1739 975 1780 usum
997 1720 1130 1799 perinde
1152 1727 1249 1798 atque

128 1819 310 1882 Hesiodum
333 1841 376 1883 ex
398 1819 547 1902 delphica
568 1821 706 1884 dialecto
730 1821 893 1902 repetiisse
915 1819 1079 1902 professus
1102 1830 1160 1895 est,
1184 1823 1248 1881 iam

128 1923 222 1986 Peter
244 1943 274 2003 p.
300 1935 314 2000 5
339 1943 386 2003 sq.
408 1943 468 1985 suo
490 1925 557 1986 iure
578 1925 757 1986 attentavit.
795 1922 880 1984 Nam
898 1923 1080 1984 Hesiodum
1102 1922 1248 2001 quamvis

128 2045 194 2088 acc.
215 2023 258 2106 pl.
280 2041 304 2086 1.
329 2024 408 2088 decl.
431 2023 470 2100 ἃς
492 2025 684 2106 corripuisse
705 2026 747 2088 sit
765 2025 1016 2098 concedendum,
1039 2023 1248 2103 correptionis

129 2147 194 2190 acc.
217 2126 259 2207 pl.
279 2144 307 2192 2.
326 2127 406 2190 decl.
429 2147 521 2189 usum
541 2126 671 2190 Ahrens
690 2149 733 2190 ex
750 2126 804 2189 illo
823 2125 970 2189 Herculis
993 2127 1074 2188 scuti
1097 2123 1248 2205 exemplo

128 2226 232 2312 λαγός
254 2234 336 2308 (302)
360 2232 591 2292 commendare
613 2249 678 2292 non
708 2229 831 2303 debuit,
860 2231 980 2309 quippe
1007 2247 1079 2289 cum
1103 2224 1248 2288 Herculis

127 2340 254 2394 scutum
277 2351 342 2392 non
364 2352 436 2394 esse
458 2330 607 2407 Hesiodi,
638 2333 696 2394 sed
725 2332 913 2414 posterioris
940 2330 1104 2391 cuiusdam
1132 2335 1248 2409 po'etae

127 2435 203 2494 viris
223 2433 327 2494 doctis
345 2454 429 2494 nunc
444 2434 484 2495 sit
499 2453 696 2514 persuasum.
727 2433 839 2513 Atque
855 2432 1119 2512 amphictyonum
1138 2432 1248 2494 titulus

126 2555 193 2616 quo
215 2536 323 2598 nititur
347 2535 475 2598 Ahrens
498 2536 677 2598 admodum
699 2544 749 2598 est
776 2534 915 2608 dubium,
938 2555 1015 2596 num
1038 2535 1079 2594 sit
1101 2533 1249 2614 delphica

127 2636 265 2698 dialecto
281 2636 425 2713 (Boeckh
445 2635 480 2700 C.
499 2637 521 2698 Ι.
539 2636 577 2700 G.
595 2638 617 2711 Ι,
640 2638 713 2717 808)
732 2637 939 2717 conscriptus
963 2656 1036 2696 cum
1056 2635 1118 2696 iam
1137 2634 1248 2714 reliqui

126 2741 208 2801 tituli
234 2739 381 2820 Delphici
413 2739 473 2802 illis
510 2739 620 2804 formis
656 2748 791 2803 careant.
820 2775 863 2784 -
889 2739 992 2820 Apud
1018 2737 1248 2820 Epicharmum

126 2839 221 2921 (Ahr.
240 2840 277 2916 ll,
297 2844 366 2920 172)
381 2849 490 2904 autem
508 2849 641 2923 poetam
659 2841 810 2917 Siculum,
833 2842 961 2903 Pindari
983 2839 1049 2903 fere
1071 2842 1248 2920 aequalem,

126 2961 192 3003 acc.
209 2943 250 3024 pl.
269 2951 301 3004 et
323 2959 347 3004 1.
367 2950 400 3004 et
416 2959 443 3004 2.
466 2942 545 3008 decl.
568 2947 708 3025 correpti
730 2943 940 3025 reperiuntur:
964 2941 998 3003 fr.
1023 2956 1038 3021 5
1062 2927 1184 3026 μωρᾶς,
1206 2942 1247 3004 68

125 3030 279 3126 πλευρᾶς,
303 3044 341 3105 82
365 3039 482 3124 ὅφύᾶς,
518 3054 550 3107 et
575 3063 625 3127 94,
652 3063 690 3124 14
715 3044 775 3121 τὸς
806 3039 1022 3128 ἀνθρώπους,
1054 3047 1105 3124 98,
1134 3061 1156 3121 4
1189 3041 1249 3118 τὸς

125 3137 257 3220 ἄλλους.

213 3249 342 3312 Deinde
372 3247 575 3312 Stesichorus
606 3249 642 3315 fr.
677 3263 691 3329 5
723 3248 815 3334 παρὰ
837 3225 945 3335 παγιΙς
978 3246 1159 3334 ἅπείρονας
1180 3251 1249 3312 sine

127 3349 227 3412 dubio
255 3371 320 3415 acc.
349 3349 392 3432 pl.
425 3369 449 3414 1.
477 3351 555 3414 decl.
587 3353 725 3433 corripit.
771 3352 883 3433 Atque
910 3354 941 3415 in
971 3353 1054 3418 Stes,
1082 3353 1117 3416 fr.
1152 3370 1163 3414 1
1195 3353 1247 3415 Et.

127 3449 212 3517 Gud.
238 3453 396 3533 scriptura
422 3449 592 3537 ἐλιόμενος
619 3454 737 3534 (Bergk
764 3449 1006 3539 ittooopa'vovc)
1034 3463 1066 3518 et
1093 3456 1124 3516 in
1151 3455 1198 3518 lb.
1228 3469 1246 3533 7

126 3554 284 3635 scriptura
307 3547 492 3634 ἄϋπνος’4),
519 3555 573 3618 ubi
596 3577 662 3618 acc.
685 3555 728 3637 pl.
746 3555 960 3637 postulantur,
993 3557 1131 3619 fortasse
1163 3557 1247 3637 quis·
1336 3533 1357 3564 ⁸

126 3656 214 3738 piam
237 3666 476 3736 permoveatur,
506 3665 541 3719 ut
572 3659 670 3720 etiam
692 3657 755 3720 illic
777 3661 978 3721 accusativos
1001 3667 1169 3739 correptos
1192 3658 1246 3720 adss

125 3756 223 3820 fuisse
243 3766 344 3839 putet.

211 3861 324 3941 ltaque
350 3867 469 3942 poetae
491 3859 589 3926 Siculi
611 3862 705 3944 primi
731 3871 900 3945 correptos
925 3883 991 3928 acc.
1017 3861 1058 3944 pl.
1086 3864 1248 3924 secundae

128 4013 329 4028 Μ

196 4104 228 4162 24)
247 4103 311 4153 Cum
331 4103 487 4152 nominativo
505 4099 610 4165 κλυτὸς
628 4095 739 4172 ὄρθρος
757 4102 862 4163 nullum,
887 4118 943 4151 cum
968 4117 1021 4152 acc.
1040 4095 1164 4169 ἀηδόνας
1187 4118 1247 4154 vero

127 4171 287 4220 coniunctum
307 4172 462 4235 aptissimum
481 4173 586 4236 praebet
604 4187 711 4222 sensum.
732 4173 763 4220 cs.
774 4171 952 4221 Schneidewin
963 4171 1002 4226 lb.
1013 4170 1095 4237 Rheg.
1115 4172 1168 4227 rell,
1191 4184 1248 4224 122.
