3042 4804
706 282 918 343 ..62-

255 443 343 510 verbi
372 448 523 532 δείκνυμι
549 458 630 530 part.
653 448 730 530 pers.
754 471 837 533 pass.
860 449 1059 535 δεδεγμένος
1079 453 1112 514 in
1134 452 1169 518 sr.
1194 470 1234 533 19
1254 454 1386 536 spada-¹

254 549 470 634 δεγμένονν35)
505 551 627 614 ascivit.
682 549 837 616 Conseras
867 555 978 634 epicae
1009 553 1134 616 dialecti
1164 555 1387 640 πεφσμμένος.

252 651 299 730 (Ζ,
321 655 404 734 488),
427 652 603 738 πέπυσμαι,
626 652 688 716 alia
710 654 855 718 similiter
872 655 1021 718 formata.
1037 691 1077 702 -
1092 656 1131 720 In
1145 657 1284 720 Timocr.
1302 657 1338 722 fr.
1356 674 1382 735 a

254 755 409 835 reperitur
431 764 510 837 part.
534 754 613 836 pers.
637 751 749 831 ἐοικός
754 781 766 833 ,·
794 777 891 838 quarn
922 758 1054 838 quidem
1084 757 1224 820 sormam
1252 768 1284 821 et
1304 759 1379 840 ipse

251 855 405 921 Pindarus
429 857 536 918 decies
558 856 692 938 scripsit,
715 857 815 920 sernel
838 879 915 921 vero
938 855 1038 935 εἰκώς
1059 859 1094 940 (J.
1116 860 1174 933 IV,
1196 865 1259 940 45),
1286 861 1380 942 quod

250 957 383 1020 Boeckh
406 959 436 1020 in
461 957 564 1024 εἴκων
585 960 735 1034 mutavit3
758 969 793 1021 at
814 980 844 1021 v.
866 960 947 1022 Ahr.
970 961 1011 1038 11,
1032 975 1106 1038 440.

336 1059 394 1122 IV.
456 1060 581 1122 Verbi
625 1059 874 1124 substantivi
924 1063 1011 1143 apud
1055 1063 1202 1126 choricos
1240 1063 1378 1127 schema

251 1171 300 1225 est
322 1162 398 1224 hoc:

250 1281 330 1331 praes.
339 1267 399 1317 ind.
409 1281 447 1329 sg.
460 1278 481 1314 1.
492 1261 552 1330 εἰμί
562 1267 589 1318 P.
607 1260 720 1331 μέτειμι
730 1266 765 1318 St.
775 1267 817 1328 46.
827 1291 861 1304 -
870 1279 896 1320 2.
905 1260 970 1320 δσσί
977 1269 1003 1318 Ρ.
1015 1293 1049 1304 -
1058 1281 1081 1331 3.
1101 1260 1200 1334 ἔσοδοι)
1218 1270 1260 1320 vel
1272 1263 1376 1334 ἐστί(ν)

402 1348 432 1401 Ρ.
452 1351 486 1400 st.
507 1353 532 1403 S.
550 1351 572 1404 Ι.
591 1353 618 1402 Β.
964 1377 973 1400 ι

401 1436 436 1500 pl.
450 1445 471 1488 1.
491 1431 573 1500 εἰμέν
585 1432 657 1484 Pind.
670 1433 697 1484 Ρ.
706 1435 753 1495 111,
771 1435 890 1500 60.-3.
910 1433 969 1490 εἰσί
982 1438 1012 1487 Β.
1032 1451 1077 1502 34;
1097 1434 1173 1491 εἰσίν
1192 1435 1271 1488 Pind.
1293 1435 1320 1490 P.
1340 1440 1379 1504 V,

406 1519 467 1580 1163
487 1515 549 1573 ἐντί
566 1522 678 1572 Timocr.
696 1522 744 1581 bis,
763 1517 837 1570 Pind.
856 1521 948 1571 decies

305 1607 383 1659 coni.
402 1594 420 1674 ᾗ
439 1606 501 1658 Sim.
520 1616 544 1670 5,
563 1619 586 1669 3.

326 1697 387 1754 opt.
406 1683 475 1758 εἴην,
494 1683 538 1757 εἴη
556 1687 586 1742 P.

333 1777 387 1830 inf.
395 1815 398 1822 .
407 1767 527 1841 ἔμμεναι
538 1775 600 1828 Sim.
623 1785 646 1840 5,
657 1789 682 1840 9,
694 1788 733 1826 10.
753 1773 821 1826 Prat.
833 1789 856 1836 1,
869 1789 892 1838 9.
905 1773 932 1828 P.
944 1767 1034 1842 ἔμμεν
1044 1775 1073 1830 Ρ.
1083 1771 1157 1830 εἶναι
1166 1776 1197 1842 (ὲ)
1209 1775 1267 1844 P.J.
1277 1779 1322 1844 VI,
1332 1792 1377 1830 20.

263 1913 266 1922 ,
312 1867 388 1927 part.
406 1855 464 1916 ἐών
482 1859 510 1911 P.
530 1863 629 1926 saepius
636 1880 643 1918 ς
663 1857 725 1912 Sim.
745 1860 790 1918 32;
809 1862 917 1912 Timocr.
937 1863 956 1924 I,
976 1863 999 1912 6.
1019 1857 1103 1916 ἐοῖσα
1121 1860 1150 1914 Ρ.

266 1947 383 2012 imperf.
402 1959 426 2010 3.
445 1962 483 2010 sg.
502 1941 535 2015 ἦν
553 1943 582 1996 Ρ.
603 1947 629 1996 S.
652 1939 737 2000 ἔσκεν
757 1943 829 1998 Pind.
849 1947 880 1998 N.
900 1949 932 2011 V,
957 1960 997 2011 3¹·
1018 1974 1052 1982 —
1071 1961 1086 2012 3
1109 1948 1143 2012 pl.
1172 1940 1268 2010 ἕσσαν,
1294 1941 1378 2015 ἔσαν,

401 2026 474 2100 ἦσαν
493 2029 522 2084 P.

248 2118 298 2168 sut.
318 2117 378 2168 ind.
400 2129 420 2166 1.
441 2109 572 2181 ἔσσομαι,
591 2109 696 2182 ἔσομαι
715 2113 821 2180 P.—3.
842 2108 957 2170 ἔσσεται
973 2113 1001 2166 Ρ.
1020 2133 1111 2183 saepe,
1131 2109 1227 2170 ἔσεται
1244 2115 1288 2182 P.,
1308 2118 1382 2172 Sim..

401 2213 442 2264 32.
462 2195 542 2256 ἔσται
561 2199 599 2262 Ρ.,
623 2203 685 2253 Sim.
704 2201 747 2262 69.

323 2287 377 2337 ins.
399 2279 546 2351 ἔσσεσθαι,
566 2279 688 2340 ἔσεσθαι
708 2283 738 2338 Ρ.

301 2378 378 2436 part.
399 2366 558 2438 ἐσσόμενος
576 2374 606 2422 Ρ.

335 2455 388 2518 De
421 2455 524 2521 forma
560 2455 654 2538 plane
682 2457 881 2538 ionicoepica
909 2456 1062 2536 ξυνέασιν
1090 2477 1188 2538 supra
1215 2458 1259 2538 (in
1286 2458 1376 2522 calce

249 2558 267 2639 S
290 2575 317 2635 2,
340 2559 394 2636 ΠΙ)
416 2560 631 2624 disseruimus.

764 2678 854 2760 Sao.

459 2841 462 2848 Ι
490 2785 531 2831 De
549 2783 688 2841 schemate,
707 2783 775 2846 quod
793 2782 870 2844 vulgo
888 2783 978 2830 dicitur
995 2783 1128 2854 Ibyceum.
1379 2853 1383 2860 Ι

335 2885 389 2948 Ex
409 2883 512 2964 Ibyco
542 2884 716 2946 verborum
744 2883 869 2945 formae
896 2881 1060 2966 ἐγείρῃσιν
1087 2884 1134 2960 (fr.
1161 2886 1192 2965 7)
1222 2893 1256 2948 et
1282 2883 1374 2968 ἔχῃσι

249 2987 295 3064 (fr.
318 2989 349 3068 9)
373 2995 406 3050 et
429 3007 472 3050 ex
493 2985 690 3065 Bacchylide
711 2983 863 3067 δάλμῃσι
885 2984 931 3066 (ir.
953 2989 1004 3067 27)
1023 2989 1200 3062 traduntur,
1223 3007 1303 3068 quas
1326 2989 1376 3050 in·

249 3090 406 3152 dicativos
433 3087 484 3150 vel
513 3089 735 3150 coniunctivos
762 3089 1110 3150 indicativorum.vice
1141 3089 1267 3170 positos
1299 3072 1383 3164 esse,¹

248 3191 346 3272 vulgo
373 3193 507 3255 eredunt
529 3191 587 3254 viri
614 3191 710 3252 docti.
755 3187 823 3254 Sed
849 3190 931 3252 hanc
954 3191 1141 3272 opinionem
1164 3210 1235 3252 esse
1257 3189 1373 3253 farsam

250 3293 377 3358 Curtius
400 3293 512 3371 (Verb.
536 3293 565 3356 Ι2
602 3295 640 3373 58
664 3295 723 3373 sq.)
747 3302 779 3354 et
800 3291 931 3356 Ahrens
954 3293 1003 3372 (H,
1026 3309 1088 3372 302
1111 3295 1171 3372 sq.)
1191 3293 1372 3374 probarunt

247 3406 370 3460 rectam
381 3397 414 3458 in
429 3395 541 3458 formis
555 3395 766 3458 diiudicandis
784 3397 870 3458 viam
889 3395 1039 3475 ingressu
1056 3415 1115 3456 nec
1129 3403 1238 3458 tamen
1256 3413 1372 3457 omnes

246 3503 278 3562 in
300 3509 408 3583 partes
431 3499 514 3564 hane
537 3499 760 3579 quaestionem
784 3497 1000 3566 absolverunt.
1037 3495 1168 3578 Operae
1189 3497 1285 3577 igitur
1307 3496 1373 3558 sor·

246 3623 305 3664 san
335 3603 474 3683 pretium
505 3601 547 3664 sit
577 3600 661 3662 hanc
690 3621 760 3664 rem
790 3602 896 3664 denuo
922 3599 1115 3681 perscrutari
1146 3608 1178 3661 et
1205 3599 1377 3679 inquirere,-

246 3713 402 3786 quantum
424 3724 469 3766 ex
486 3705 692 3784 antiquorum
707 3703 993 3784 grammaticorum
1013 3703 1055 3764 de
1070 3721 1109 3766 ea
1125 3723 1159 3764 re
1176 3701 1380 3768 testimoniis:

246 3807 394 3870 concludi
416 3806 517 3872 liceat.
1068 3885 1071 3890 Ι

261 3965 264 3972 .
332 3910 414 3972 Tres
436 3919 545 3972 autem
568 3929 680 3972 eorum
704 3909 746 3972 de
767 3907 816 3970 his
839 3907 950 3972 formis
974 3907 1120 3970 diversae
1148 3913 1276 3970 exstant
1298 3925 1379 3996 sen·¹

245 4012 373 4076 tentiae.

244 4131 449 4142 ——.—-..

314 4179 347 4244 35)
365 4177 487 4236 Ἐσθλδν
504 4164 743 4250 προδεδεγμένων
761 4175 869 4250 ἐέλδωρ
887 4181 970 4251 ‘bona
987 4169 1171 4245 praedictarum
1190 4195 1273 4229 rerum
1296 4173 1378 4244 spes’'

246 4252 369 4315 optimum
388 4253 465 4301 habet
483 4267 584 4300 sensum
601 4266 650 4300 nec
666 4253 750 4316 probo
769 4249 963 4302 Schneidewini*
974 4243 1196 4316 ποτιδεγμένων.
