3042 4804
568 245 779 310 -27-

198 401 264 475 111,
285 399 440 467 Pindarus
462 419 593 481 semper
614 399 772 462 aeolicum
796 392 905 482 ὄνυμα
931 401 1063 481 eiusque
1090 401 1235 462 derivata

112 523 153 582 iv.
176 503 271 565 Peter
297 518 334 582 17
357 504 416 582 sq.)
438 522 498 583 pro
522 495 629 585 ὄνομα
651 509 798 583 usurpat,
828 502 948 581 Ibycus
975 503 1107 564 veroin
1134 503 1169 567 sr.
1197 517 1235 563 10

114 599 358 688 ὀνομακλυτός,
381 623 465 684 quae
487 624 555 666 vox
578 605 642 665 iam
664 603 695 664 in
717 603 753 668 II.
771 604 815 677 K,
840 617 874 682 51
902 613 935 667 et
952 603 1041 686 hym.
1059 603 1141 669 Ven.
1163 621 1235 678 111;

114 708 176 782 146
198 707 392 786 agnoscitur.

197 805 265 881 IV,
282 807 437 868 Pindarus
455 806 558 868 ubivis
577 807 848 870 aeolicodoricum
866 809 929 869 adil
945 803 1041 882 ἐσλός
1059 807 1168 887 (Peter
1185 808 1233 886 18)

110 911 232 991 posuit,
264 916 376 970 contra
408 907 484 970 Sim.
514 921 542 987 5,
574 926 595 988 9
625 917 657 970 et
685 909 732 973 Ib.
769 927 806 989 19
832 905 962 984 ἐσθλός.
1022 909 1060 974 In
1091 907 1168 970 Sim.
1199 907 1233 969 fr.

110 1011 246 1072 Boeckh
264 1019 297 1071 et
306 1007 530 1072 Schneidewin
548 1006 643 1085 ἐσλός
660 1019 881 1086 correxerunt,
896 1021 1008 1073 contra
1025 1030 1107 1091 quos
1124 1010 1233 1090 Bergk
1317 1063 1327 1084 ,

110 1123 200 1175 recte
223 1115 359 1174 monuit:
382 1111 485 1174 forma
500 1107 600 1176 ἐσλόν
620 1113 777 1174 Pittacum
800 1133 893 1174 usum
913 1133 984 1174 esse
1000 1111 1152 1175 credibile
1176 1121 1232 1186 est,

111 1213 298 1277 Simonides
319 1221 425 1275 utram
446 1217 695 1294 praeoptaverit,
718 1217 883 1276 incertum.

198 1317 249 1392 V.,
276 1317 432 1378 Pindarus
462 1317 590 1398 saepius
617 1317 856 1398 praepositione
886 1315 924 1380 ἐν
950 1337 976 1379 c.
1009 1336 1073 1379 acc.
1100 1336 1160 1397 pro
1188 1315 1235 1390 εἰς

111 1421 259 1499 (utraque
286 1439 329 1480 ex
351 1418 405 1493 ἐνς
432 1421 516 1495 nata)
543 1420 660 1481 utitur(
676 1439 706 1480 v.
729 1419 867 1498 Peterp
898 1419 948 1480 68.
993 1415 1100 1479 Ceteri
1127 1425 1235 1479 autem

110 1521 231 1583 chorici
248 1523 407 1600 ignorant.
442 1519 548 1601 Quam
567 1520 813 1602 praepositionis
831 1517 976 1594 sormam,
991 1540 1074 1600 quae
1092 1528 1125 1582 et
1147 1519 1235 1600 apud

110 1623 220 1684 Dores
251 1621 517 1704 septentrionales
545 1631 577 1684 et
603 1624 689 1704 apud
712 1622 856 1684 Boeotos
882 1621 1122 1702 Thessalosque
1144 1621 1234 1698 (Ahr.

111 1725 149 1797 ΙΙ,
179 1723 251 1804 360)
280 1733 348 1786 erat
374 1725 405 1784 in
437 1743 507 1798 usu,
544 1725 629 1787 unde
665 1724 821 1787 Pindarus
859 1723 1018 1805 acceperit
1053 1743 1111 1804 pro
1145 1733 1234 1784 certo
1326 1709 1330 1716 ¹

111 1828 224 1907 nequit
246 1826 412 1902 constitui,
434 1845 547 1887 verum
574 1835 683 1886 tamen
706 1825 905 1887 verisimilior
927 1833 977 1886 est
999 1825 1102 1886 Peteri
1130 1826 1171 1906 (p.
1193 1827 1235 1904 6),

110 1949 211 2009 quam
234 1928 387 1991 Ahrentis
410 1928 578 1989 sententia.
599 1963 643 2011 Τ-
661 1926 838 2002 Praeterea,
861 1929 906 1989 uti
930 1927 1018 2008 epici,
1042 1926 1179 1988 formam
1202 1928 1235 2000 ἐς

111 2051 244 2112 semper
265 2039 341 2092 ante
363 2049 529 2103 consonae,
553 2048 651 2109 saepe
674 2028 805 2110 quidem
828 2038 903 2091 ante
925 2027 1065 2104 vocales,
1089 2027 1135 2103 εἰς
1156 2049 1235 2090 vero

112 2143 190 2194 ante
212 2131 342 2194 vocales
369 2131 423 2193 ubi
451 2131 549 2210 longa
578 2130 746 2210 requiritur
772 2129 898 2210 syllaba
923 2131 1030 2212 posuit
1052 2131 1235 2212 pariterque

112 2235 311 2296 Timocreon
343 2232 389 2312 (sr.
424 2251 435 2294 1
466 2231 500 2307 ἐς
521 2233 668 2314 πατρίδα
692 2241 724 2295 et
746 2231 794 2307 εἰς
816 2225 982 2316 ὄλεθρον).
1029 2230 1134 2294 Ceteri
1155 2252 1235 2294 vero

111 2347 145 2400 et
185 2345 261 2398 ante
295 2335 423 2399 vocales
462 2344 495 2397 et
534 2341 607 2398 ante
645 2354 804 2396 consonas
841 2354 968 2415 semper
998 2335 1031 2410 ἐς
1067 2334 1235 2416 praebent:

113 2439 212 2504 Stes.
236 2441 255 2501 8
279 2438 363 2516 (bis);
392 2436 446 2501 Ib.
472 2454 489 2498 2
514 2435 599 2516 (bis);
633 2436 731 2498 Prat.
755 2460 789 2514 33
821 2433 907 2500 Sim.
934 2453 985 2515 13;
1017 2452 1072 2515 ²33
1106 2438 1162 2515 363
1197 2439 1235 2515 58

113 2541 201 2620 (bis);
225 2543 278 2621 78;
304 2555 331 2619 5,
357 2541 407 2614 16;
428 2541 488 2617 48;
513 2541 561 2601 80.
605 2538 733 2600 Etenim
760 2539 791 2598 in
815 2535 893 2601 Sim.
922 2537 956 2602 ir.
981 2552 1008 2620 5,
1035 2540 1073 2600 16
1095 2545 1234 2599 metrum

114 2642 149 2719 ἐς
173 2642 315 2724 postulat
339 2643 424 2704 etin
447 2641 573 2718 irr.48;
598 2642 639 2702 80
661 2640 818 2720 scriptura
844 2649 894 2702 est
917 2641 1106 2721 corruptior,
1139 2660 1234 2720 quam

114 2745 166 2807 cui
188 2743 271 2806 fides
294 2745 399 2825 possit
421 2742 542 2805 haberi.

205 2846 271 2926 Vl,
293 2847 479 2907 Verborum
503 2845 640 2925 denique
663 2843 891 2906 formationum
919 2845 1124 2919 aeolicarum,
1155 2861 1248 2926 quae·

114 2958 191 3010 sunt
210 2949 297 3029 apud
305 2947 477 3010 Pindarum
496 2949 641 3020 usitatae,
659 2955 694 3008 ut
712 2947 820 3022 τίθεις
837 2968 897 3028 pro
914 2949 1016 3032 τίθης
1033 2947 1076 3027 (Ρ.
1088 2947 1167 3022 VIII,
1180 2950 1236 3026 11),

115 3051 207 3115 (iidoc
229 3070 289 3132 pro
313 3049 438 3123 δίδωσι,
461 3057 541 3129 part.
564 3047 641 3130 perf.
665 3057 726 3112 act.
749 3050 983 3132 πεφρίκοντας,
1010 3043 1238 3136 κεχλάδοντας

116 3155 158 3234 (v.
183 3151 279 3214 Peter
303 3153 361 3230 58),
384 3153 415 3212 in
438 3160 618 3212 ceterorum
642 3150 844 3212 choricorum
863 3151 1050 3232 fragmentis
1073 3151 1159 3212 nulla
1182 3172 1238 3212 ex-

116 3263 205 3316 stant
228 3252 387 3332 exempla.

585 3572 707 3654 Caput
729 3574 782 3638 111.

321 3711 532 3774 Deformis
555 3729 575 3772 e
599 3717 731 3774 dorica
752 3716 881 3788 lingua
903 3717 1039 3774 ascitis.

206 3847 322 3913 Pofe'tas
341 3847 486 3909 choricos
503 3848 579 3909 inde
598 3845 813 3909 aStesichoro
831 3849 861 3908 in
879 3848 1053 3908 carminum
1071 3846 1240 3909 dialectum

118 3972 185 4014 non
208 3951 369 4030 recepisse
391 3949 449 4012 nisi
472 3948 592 4010 formas
613 3951 731 4012 mitiori
751 3949 866 4011 Doridi
888 3951 1035 4030 proprias
1056 3950 1121 4010 iam
1144 3970 1241 4030 supra

118 4054 240 4116 monui.
278 4049 373 4112 Cuius
391 4053 436 4112 rei
459 4069 553 4112 causa
575 4053 682 4131 posita
700 4060 750 4112 est
767 4052 799 4112 in
814 4051 983 4113 universali
1002 4071 1114 4112 eorum
1133 4053 1241 4131 po'esis

117 4163 236 4217 natura
259 4153 300 4215 ab
323 4155 414 4214 unius
437 4153 602 4214 cuiusdam
625 4153 766 4238 regionis
789 4147 1020 4214 consuetudine
1042 4153 1155 4214 aliena.
