<?xml version="1.0" encoding="UTF-8"?>
<!DOCTYPE html PUBLIC "-//W3C//DTD XHTML 1.0 Transitional//EN"
    "http://www.w3.org/TR/xhtml1/DTD/xhtml1-transitional.dtd">
<html xmlns="http://www.w3.org/1999/xhtml" xml:lang="en" lang="en">
 <head>
  <title>
</title>
<meta http-equiv="Content-Type" content="text/html;charset=utf-8" />
  <meta name='ocr-system' content='tesseract 3.04.00' />
  <meta name='ocr-capabilities' content='ocr_page ocr_carea ocr_par ocr_line ocrx_word'/>
</head>
<body>
  <div class='ocr_page' id='page_1' title='image "./dedialectisstes00mukagoog_0074.png"; bbox 0 0 3042 4804; ppageno 0'>
   <div class='ocr_carea' id='block_1_1' title="bbox 578 273 899 352">
    <p class='ocr_par' dir='ltr' id='par_1_1' title="bbox 578 273 899 352">
     <span class='ocr_line' id='line_1_1' title="bbox 578 273 899 352; baseline 0 -36"><span class='ocrx_word' id='word_1_1' title='bbox 578 273 899 352; x_wconf 77' lang='lat'>..63...=</span> 
     </span>
    </p>
   </div>
   <div class='ocr_carea' id='block_1_2' title="bbox 125 439 1247 1548">
    <p class='ocr_par' dir='ltr' id='par_1_2' title="bbox 125 439 1247 812">
     <span class='ocr_line' id='line_1_2' title="bbox 209 439 1246 521; baseline 0.002 -19"><span class='ocrx_word' id='word_1_2' title='bbox 209 441 348 502; x_wconf 87' lang='lat' dir='ltr'>Primam</span> <span class='ocrx_word' id='word_1_3' title='bbox 376 461 458 520; x_wconf 91' lang='lat' dir='ltr'>quae</span> <span class='ocrx_word' id='word_1_4' title='bbox 485 450 535 504; x_wconf 89' lang='lat' dir='ltr'>est</span> <span class='ocrx_word' id='word_1_5' title='bbox 556 441 736 504; x_wconf 83' lang='lat' dir='ltr'>Aristarchi</span> <span class='ocrx_word' id='word_1_6' title='bbox 763 439 886 521; x_wconf 80' lang='lat' dir='ltr'>profert</span> <span class='ocrx_word' id='word_1_7' title='bbox 913 439 1013 503; x_wconf 86' lang='lat' dir='ltr'>schol.</span> <span class='ocrx_word' id='word_1_8' title='bbox 1042 439 1124 503; x_wconf 93' lang='lat' dir='ltr'>Ven.</span> <span class='ocrx_word' id='word_1_9' title='bbox 1147 439 1246 505; x_wconf 89' lang='lat' dir='ltr'>Hom.</span> 
     </span>
     <span class='ocr_line' id='line_1_3' title="bbox 125 537 1246 629; baseline -0.001 -20"><span class='ocrx_word' id='word_1_10' title='bbox 125 548 161 618; x_wconf 83' lang='grc' dir='ltr'>Ε,</span> <span class='ocrx_word' id='word_1_11' title='bbox 184 545 206 605; x_wconf 90' lang='grc'>6</span> <span class='ocrx_word' id='word_1_12' title='bbox 235 544 443 626; x_wconf 77' lang='grc' dir='ltr'><em>παμφαίνῃσι</em></span> <span class='ocrx_word' id='word_1_13' title='bbox 469 539 490 628; x_wconf 78' lang='grc' dir='ltr'><strong><em>ἡ</em></strong></span> <span class='ocrx_word' id='word_1_14' title='bbox 517 542 629 629; x_wconf 84' lang='grc' dir='ltr'><em>διπλῆ·</em></span> <span class='ocrx_word' id='word_1_15' title='bbox 658 537 713 610; x_wconf 80' lang='grc' dir='ltr'><em>ὅτι</em></span> <span class='ocrx_word' id='word_1_16' title='bbox 739 539 818 609; x_wconf 76' lang='grc' dir='ltr'><em>ἀντὶ</em></span> <span class='ocrx_word' id='word_1_17' title='bbox 841 547 905 608; x_wconf 87' lang='grc' dir='ltr'><em>τοῦ</em></span> <span class='ocrx_word' id='word_1_18' title='bbox 931 543 1115 627; x_wconf 90' lang='grc' dir='ltr'><em>παμφαίνῃ·</em></span> <span class='ocrx_word' id='word_1_19' title='bbox 1147 547 1246 608; x_wconf 86' lang='grc' dir='ltr'><em>πλεο-</em></span> 
     </span>
     <span class='ocr_line' id='line_1_4' title="bbox 126 637 1247 730; baseline -0.002 -20"><span class='ocrx_word' id='word_1_20' title='bbox 126 641 218 727; x_wconf 81' lang='grc' dir='ltr'><em>νάζει</em></span> <span class='ocrx_word' id='word_1_21' title='bbox 240 645 276 710; x_wconf 81' lang='grc' dir='ltr'>δὲ</span> <span class='ocrx_word' id='word_1_22' title='bbox 295 637 420 724; x_wconf 69' lang='grc' dir='ltr'><em>Ἴβυκος</em></span> <span class='ocrx_word' id='word_1_23' title='bbox 441 642 597 730; x_wconf 86' lang='grc' dir='ltr'><em>τοιούτῳ.</em></span> <span class='ocrx_word' id='word_1_24' title='bbox 644 645 706 728; x_wconf 83' lang='lat' dir='ltr'>Qui</span> <span class='ocrx_word' id='word_1_25' title='bbox 734 646 965 726; x_wconf 84' lang='lat' dir='ltr'>grammaticus</span> <span class='ocrx_word' id='word_1_26' title='bbox 993 665 1058 707; x_wconf 92' lang='lat' dir='ltr'>non</span> <span class='ocrx_word' id='word_1_27' title='bbox 1084 647 1247 726; x_wconf 83' lang='lat' dir='ltr'>cogitasse</span> 
     </span>
     <span class='ocr_line' id='line_1_5' title="bbox 125 748 629 812; baseline 0.004 -2"><span class='ocrx_word' id='word_1_28' title='bbox 125 749 251 810; x_wconf 91' lang='lat' dir='ltr'>videtur</span> <span class='ocrx_word' id='word_1_29' title='bbox 273 749 332 810; x_wconf 90' lang='lat' dir='ltr'>nisi</span> <span class='ocrx_word' id='word_1_30' title='bbox 355 748 396 808; x_wconf 88' lang='lat' dir='ltr'>de</span> <span class='ocrx_word' id='word_1_31' title='bbox 418 749 629 812; x_wconf 88' lang='lat' dir='ltr'>coniunctivo.</span> 
     </span>
    </p>

    <p class='ocr_par' dir='ltr' id='par_1_3' title="bbox 125 848 1247 1548">
     <span class='ocr_line' id='line_1_6' title="bbox 210 848 1246 932; baseline -0.003 -19"><span class='ocrx_word' id='word_1_32' title='bbox 210 848 308 913; x_wconf 88' lang='lat' dir='ltr'>Cuius</span> <span class='ocrx_word' id='word_1_33' title='bbox 338 851 516 914; x_wconf 90' lang='lat' dir='ltr'>sententiae</span> <span class='ocrx_word' id='word_1_34' title='bbox 546 869 610 911; x_wconf 93' lang='lat' dir='ltr'>non</span> <span class='ocrx_word' id='word_1_35' title='bbox 639 852 681 912; x_wconf 89' lang='lat' dir='ltr'>ita</span> <span class='ocrx_word' id='word_1_36' title='bbox 719 850 814 913; x_wconf 85' lang='lat' dir='ltr'>vaide</span> <span class='ocrx_word' id='word_1_37' title='bbox 845 859 1002 932; x_wconf 82' lang='lat' dir='ltr'>repugnat</span> <span class='ocrx_word' id='word_1_38' title='bbox 1037 849 1139 914; x_wconf 84' lang='lat' dir='ltr'>altera</span> <span class='ocrx_word' id='word_1_39' title='bbox 1170 849 1246 912; x_wconf 89' lang='lat' dir='ltr'>Aeli</span> 
     </span>
     <span class='ocr_line' id='line_1_7' title="bbox 126 949 1245 1037; baseline -0.001 -23"><span class='ocrx_word' id='word_1_40' title='bbox 126 952 302 1016; x_wconf 89' lang='lat' dir='ltr'>Herodiani</span> <span class='ocrx_word' id='word_1_41' title='bbox 328 950 464 1015; x_wconf 88' lang='lat' dir='ltr'>rhetoris</span> <span class='ocrx_word' id='word_1_42' title='bbox 495 953 525 1012; x_wconf 92' lang='lat' dir='ltr'>in</span> <span class='ocrx_word' id='word_1_43' title='bbox 557 951 665 1014; x_wconf 89' lang='lat' dir='ltr'>libello</span> <span class='ocrx_word' id='word_1_44' title='bbox 695 953 773 1036; x_wconf 83' lang='grc' dir='ltr'><em>περὶ</em></span> <span class='ocrx_word' id='word_1_45' title='bbox 804 949 986 1037; x_wconf 88' lang='grc' dir='ltr'><em>σχημάτων</em></span> <span class='ocrx_word' id='word_1_46' title='bbox 1017 951 1064 1031; x_wconf 82' lang='lat' dir='ltr'>(cf.</span> <span class='ocrx_word' id='word_1_47' title='bbox 1093 950 1245 1033; x_wconf 82' lang='lat' dir='ltr'><strong>Spengel,</strong></span> 
     </span>
     <span class='ocr_line' id='line_1_8' title="bbox 126 1050 1245 1134; baseline 0.002 -18"><span class='ocrx_word' id='word_1_48' title='bbox 126 1053 271 1117; x_wconf 87' lang='lat' dir='ltr'>rhetores</span> <span class='ocrx_word' id='word_1_49' title='bbox 294 1055 413 1134; x_wconf 87' lang='lat' dir='ltr'>graeci,</span> <span class='ocrx_word' id='word_1_50' title='bbox 444 1053 495 1127; x_wconf 88' lang='lat'>111,</span> <span class='ocrx_word' id='word_1_51' title='bbox 523 1058 593 1129; x_wconf 72' lang='grc' dir='ltr'>σοι)</span> <span class='ocrx_word' id='word_1_52' title='bbox 615 1053 753 1134; x_wconf 88' lang='lat' dir='ltr'>prolata:</span> <span class='ocrx_word' id='word_1_53' title='bbox 786 1053 828 1119; x_wconf 83' lang='grc' dir='ltr'><em>τὸ</em></span> <span class='ocrx_word' id='word_1_54' title='bbox 862 1055 899 1120; x_wconf 77' lang='grc' dir='ltr'>δὲ</span> <span class='ocrx_word' id='word_1_55' title='bbox 923 1050 1082 1134; x_wconf 82' lang='grc' dir='ltr'><em>Ἰβύκειον</em></span> <span class='ocrx_word' id='word_1_56' title='bbox 1113 1056 1168 1120; x_wconf 88' lang='grc' dir='ltr'>καί</span> <span class='ocrx_word' id='word_1_57' title='bbox 1195 1054 1245 1118; x_wconf 85' lang='grc' dir='ltr'><em>λε’·</em></span> 
     </span>
     <span class='ocr_line' id='line_1_9' title="bbox 125 1151 1247 1240; baseline 0 -19"><span class='ocrx_word' id='word_1_58' title='bbox 125 1161 208 1235; x_wconf 72' lang='lat' dir='ltr'>§sore</span> <span class='ocrx_word' id='word_1_59' title='bbox 228 1157 283 1221; x_wconf 86' lang='grc' dir='ltr'>καὶ</span> <span class='ocrx_word' id='word_1_60' title='bbox 306 1151 495 1234; x_wconf 76' lang='grc' dir='ltr'><em>συντάξεως</em></span> <span class='ocrx_word' id='word_1_61' title='bbox 515 1156 614 1221; x_wconf 75' lang='grc' dir='ltr'><em>ἐστιν·</em></span> <span class='ocrx_word' id='word_1_62' title='bbox 636 1158 763 1240; x_wconf 85' lang='grc' dir='ltr'><em>γίνεται</em></span> <span class='ocrx_word' id='word_1_63' title='bbox 786 1157 822 1222; x_wconf 80' lang='grc' dir='ltr'>δὲ</span> <span class='ocrx_word' id='word_1_64' title='bbox 845 1157 882 1223; x_wconf 82' lang='grc' dir='ltr'>έν</span> <span class='ocrx_word' id='word_1_65' title='bbox 905 1170 978 1233; x_wconf 80' lang='grc' dir='ltr'><em>τοῖς</em></span> <span class='ocrx_word' id='word_1_66' title='bbox 1004 1153 1247 1234; x_wconf 80' lang='grc' dir='ltr'><em>δποτακτικοῑς</em></span> 
     </span>
     <span class='ocr_line' id='line_1_10' title="bbox 125 1255 1245 1346; baseline 0.002 -23"><span class='ocrx_word' id='word_1_67' title='bbox 125 1260 253 1341; x_wconf 79' lang='grc' dir='ltr'><strong><em>τρίτοις</em></strong></span> <span class='ocrx_word' id='word_1_68' title='bbox 278 1255 471 1341; x_wconf 73' lang='grc' dir='ltr'><em>προςοίπσις</em></span> <span class='ocrx_word' id='word_1_69' title='bbox 500 1263 571 1323; x_wconf 84' lang='grc' dir='ltr'><em>τῶν</em></span> <span class='ocrx_word' id='word_1_70' title='bbox 602 1255 762 1344; x_wconf 80' lang='grc' dir='ltr'><em>ῥημάτων</em></span> <span class='ocrx_word' id='word_1_71' title='bbox 789 1257 876 1324; x_wconf 82' lang='grc' dir='ltr'><em>κατὰ</em></span> <span class='ocrx_word' id='word_1_72' title='bbox 906 1256 1093 1344; x_wconf 74' lang='grc' dir='ltr'><em>πρόςδεσιν</em></span> <span class='ocrx_word' id='word_1_73' title='bbox 1124 1259 1184 1346; x_wconf 83' lang='grc' dir='ltr'><em>τῆς</em></span> <span class='ocrx_word' id='word_1_74' title='bbox 1217 1265 1245 1332; x_wconf 63' lang='lat' dir='ltr'>a]</span> 
     </span>
     <span class='ocr_line' id='line_1_11' title="bbox 126 1357 1245 1444; baseline 0.004 -21"><span class='ocrx_word' id='word_1_75' title='bbox 126 1363 289 1444; x_wconf 79' lang='grc' dir='ltr'><em>συλλαβῆς</em></span> <span class='ocrx_word' id='word_1_76' title='bbox 311 1362 406 1440; x_wconf 89' lang='lat' dir='ltr'>(citat.</span> <span class='ocrx_word' id='word_1_77' title='bbox 428 1360 460 1425; x_wconf 92' lang='grc' dir='ltr'>ΙΙ.</span> <span class='ocrx_word' id='word_1_78' title='bbox 483 1360 521 1440; x_wconf 88' lang='grc' dir='ltr'>Ε,</span> <span class='ocrx_word' id='word_1_79' title='bbox 544 1363 576 1435; x_wconf 90' lang='lat'>6;</span> <span class='ocrx_word' id='word_1_80' title='bbox 600 1359 664 1426; x_wconf 92' lang='lat' dir='ltr'>Od.</span> <span class='ocrx_word' id='word_1_81' title='bbox 687 1383 715 1435; x_wconf 89' lang='grc' dir='ltr'>α,</span> <span class='ocrx_word' id='word_1_82' title='bbox 739 1364 820 1438; x_wconf 89' lang='lat'>204).</span> <span class='ocrx_word' id='word_1_83' title='bbox 847 1365 999 1426; x_wconf 79' lang='grc' dir='ltr'><em>καλεῖται</em></span> <span class='ocrx_word' id='word_1_84' title='bbox 1022 1362 1058 1426; x_wconf 86' lang='grc' dir='ltr'>δε</span> <span class='ocrx_word' id='word_1_85' title='bbox 1077 1357 1245 1442; x_wconf 74' lang='grc' dir='ltr'><em>Ἰβιίκειον,</em></span> 
     </span>
     <span class='ocr_line' id='line_1_12' title="bbox 127 1453 1243 1548; baseline 0.003 -21"><span class='ocrx_word' id='word_1_86' title='bbox 127 1457 191 1545; x_wconf 86' lang='grc' dir='ltr'>οὐχ</span> <span class='ocrx_word' id='word_1_87' title='bbox 213 1453 268 1526; x_wconf 79' lang='grc' dir='ltr'><em>ὅτι</em></span> <span class='ocrx_word' id='word_1_88' title='bbox 293 1462 431 1545; x_wconf 79' lang='grc' dir='ltr'><em>πρῶτος</em></span> <span class='ocrx_word' id='word_1_89' title='bbox 442 1455 568 1542; x_wconf 69' lang='grc' dir='ltr'><em>Ἴβυκος</em></span> <span class='ocrx_word' id='word_1_90' title='bbox 586 1457 680 1546; x_wconf 78' lang='grc' dir='ltr'><em>αὐτῷ</em></span> <span class='ocrx_word' id='word_1_91' title='bbox 702 1459 863 1548; x_wconf 78' lang='grc' dir='ltr'><em>ἐχρήσατο</em></span> <span class='ocrx_word' id='word_1_92' title='bbox 886 1462 1064 1540; x_wconf 80' lang='grc' dir='ltr'><em>(δέδεικται</em></span> <span class='ocrx_word' id='word_1_93' title='bbox 1082 1462 1145 1548; x_wconf 83' lang='grc' dir='ltr'>γάρ</span> <span class='ocrx_word' id='word_1_94' title='bbox 1167 1459 1243 1548; x_wconf 79' lang='grc' dir='ltr'><em>παρ’</em></span> 
     </span>
    </p>
   </div>
   <div class='ocr_carea' id='block_1_3' title="bbox 17 1539 1247 1651">
    <p class='ocr_par' dir='ltr' id='par_1_4' title="bbox 17 1539 1247 1651">
     <span class='ocr_line' id='line_1_13' title="bbox 17 1539 1247 1651; baseline 0.001 -20"><span class='ocrx_word' id='word_1_95' title='bbox 17 1539 18 1610; x_wconf 57' lang='grc' dir='ltr'><em>ί</em></span> <span class='ocrx_word' id='word_1_96' title='bbox 122 1561 250 1651; x_wconf 83' lang='grc' dir='ltr'><em>Ὁμήρῳ</em></span> <span class='ocrx_word' id='word_1_97' title='bbox 271 1561 461 1649; x_wconf 85' lang='grc' dir='ltr'><em>πρότερον),</em></span> <span class='ocrx_word' id='word_1_98' title='bbox 484 1560 552 1629; x_wconf 78' lang='grc' dir='ltr'><em>ἀλλ’</em></span> <span class='ocrx_word' id='word_1_99' title='bbox 577 1565 649 1631; x_wconf 80' lang='grc' dir='ltr'>ἐπεὶ</span> <span class='ocrx_word' id='word_1_100' title='bbox 666 1562 755 1630; x_wconf 75' lang='grc' dir='ltr'><em>πολὺ</em></span> <span class='ocrx_word' id='word_1_101' title='bbox 776 1565 831 1629; x_wconf 85' lang='grc' dir='ltr'>καὶ</span> <span class='ocrx_word' id='word_1_102' title='bbox 854 1566 1040 1649; x_wconf 81' lang='grc' dir='ltr'><em>κατακορὲς</em></span> <span class='ocrx_word' id='word_1_103' title='bbox 1056 1561 1132 1649; x_wconf 78' lang='grc' dir='ltr'><em>παρ’</em></span> <span class='ocrx_word' id='word_1_104' title='bbox 1151 1561 1247 1651; x_wconf 78' lang='grc' dir='ltr'><em>αὐτῷ</em></span> 
     </span>
    </p>
   </div>
   <div class='ocr_carea' id='block_1_4' title="bbox 16 1682 18 1786">
    <p class='ocr_par' dir='ltr' id='par_1_5' title="bbox 16 1682 18 1824">
     <span class='ocr_line' id='line_1_14' title="bbox 16 1682 18 1786; baseline 0 20"><span class='ocrx_word' id='word_1_105' title='bbox 16 1682 18 1786; x_wconf 79' lang='grc' dir='ltr'><em>ί</em></span> 
     </span>
    </p>
   </div>
   <div class='ocr_carea' id='block_1_5' title="bbox 125 1661 1248 2671">
    <p class='ocr_par' dir='ltr' id='par_1_6' title="bbox 126 1661 987 1751">
     <span class='ocr_line' id='line_1_15' title="bbox 126 1661 987 1751; baseline -0.002 -22"><span class='ocrx_word' id='word_1_106' title='bbox 126 1669 215 1746; x_wconf 87' lang='lat' dir='ltr'>(citat</span> <span class='ocrx_word' id='word_1_107' title='bbox 232 1666 278 1731; x_wconf 90' lang='lat' dir='ltr'>Ib.</span> <span class='ocrx_word' id='word_1_108' title='bbox 302 1667 338 1728; x_wconf 86' lang='lat' dir='ltr'>fr.</span> <span class='ocrx_word' id='word_1_109' title='bbox 363 1681 381 1747; x_wconf 93' lang='lat'><em>7</em></span> <span class='ocrx_word' id='word_1_110' title='bbox 406 1675 438 1730; x_wconf 84' lang='lat' dir='ltr'>et</span> <span class='ocrx_word' id='word_1_111' title='bbox 460 1669 498 1746; x_wconf 80' lang='grc'>9),</span> <span class='ocrx_word' id='word_1_112' title='bbox 521 1665 662 1751; x_wconf 76' lang='grc' dir='ltr'><em>ἔγείρῃσι</em></span> <span class='ocrx_word' id='word_1_113' title='bbox 684 1661 763 1732; x_wconf 86' lang='grc' dir='ltr'><em>ἀντὶ</em></span> <span class='ocrx_word' id='word_1_114' title='bbox 786 1669 850 1732; x_wconf 82' lang='grc' dir='ltr'><em>τοῦ</em></span> <span class='ocrx_word' id='word_1_115' title='bbox 871 1667 987 1751; x_wconf 81' lang='grc' dir='ltr'><em>ἐγείρῃ.</em></span> 
     </span>
    </p>

    <p class='ocr_par' dir='ltr' id='par_1_7' title="bbox 126 1766 1247 2155">
     <span class='ocr_line' id='line_1_16' title="bbox 211 1766 1247 1850; baseline 0.005 -21"><span class='ocrx_word' id='word_1_116' title='bbox 211 1766 337 1850; x_wconf 87' lang='lat' dir='ltr'>Quibus</span> <span class='ocrx_word' id='word_1_117' title='bbox 364 1771 395 1830; x_wconf 94' lang='lat' dir='ltr'>in</span> <span class='ocrx_word' id='word_1_118' title='bbox 421 1768 528 1831; x_wconf 89' lang='lat' dir='ltr'>verbis</span> <span class='ocrx_word' id='word_1_119' title='bbox 550 1769 754 1832; x_wconf 83' lang='lat' dir='ltr'>Herodianus</span> <span class='ocrx_word' id='word_1_120' title='bbox 782 1791 854 1832; x_wconf 92' lang='lat' dir='ltr'>cum</span> <span class='ocrx_word' id='word_1_121' title='bbox 883 1769 1075 1833; x_wconf 88' lang='lat' dir='ltr'>Aristarcho</span> <span class='ocrx_word' id='word_1_122' title='bbox 1103 1791 1143 1834; x_wconf 91' lang='lat' dir='ltr'>eo</span> <span class='ocrx_word' id='word_1_123' title='bbox 1171 1791 1247 1834; x_wconf 93' lang='lat' dir='ltr'>con-</span> 
     </span>
     <span class='ocr_line' id='line_1_17' title="bbox 126 1868 1245 1955; baseline 0.004 -23"><span class='ocrx_word' id='word_1_124' title='bbox 126 1873 219 1951; x_wconf 87' lang='lat' dir='ltr'>gruit,</span> <span class='ocrx_word' id='word_1_125' title='bbox 242 1871 330 1950; x_wconf 92' lang='lat' dir='ltr'>quod</span> <span class='ocrx_word' id='word_1_126' title='bbox 353 1868 443 1954; x_wconf 83' lang='grc' dir='ltr'><em>έχῃσι</em></span> <span class='ocrx_word' id='word_1_127' title='bbox 465 1880 497 1934; x_wconf 89' lang='lat' dir='ltr'>et</span> <span class='ocrx_word' id='word_1_128' title='bbox 519 1871 660 1955; x_wconf 80' lang='grc' dir='ltr'><em>ἐγείρῃσι</em></span> <span class='ocrx_word' id='word_1_129' title='bbox 682 1873 873 1934; x_wconf 90' lang='lat' dir='ltr'>coniunctivi</span> <span class='ocrx_word' id='word_1_130' title='bbox 901 1870 1022 1934; x_wconf 89' lang='lat' dir='ltr'>sormas</span> <span class='ocrx_word' id='word_1_131' title='bbox 1045 1893 1116 1935; x_wconf 91' lang='lat' dir='ltr'>esse</span> <span class='ocrx_word' id='word_1_132' title='bbox 1139 1875 1245 1954; x_wconf 82' lang='lat' dir='ltr'>docet,</span> 
     </span>
     <span class='ocr_line' id='line_1_18' title="bbox 126 1973 1244 2053; baseline 0.002 -19"><span class='ocrx_word' id='word_1_133' title='bbox 126 1974 185 2034; x_wconf 90' lang='lat' dir='ltr'>sed</span> <span class='ocrx_word' id='word_1_134' title='bbox 215 1974 380 2048; x_wconf 86' lang='lat' dir='ltr'>dissentit,</span> <span class='ocrx_word' id='word_1_135' title='bbox 419 1973 508 2053; x_wconf 92' lang='lat' dir='ltr'>quod</span> <span class='ocrx_word' id='word_1_136' title='bbox 539 1973 593 2034; x_wconf 91' lang='lat' dir='ltr'>illo</span> <span class='ocrx_word' id='word_1_137' title='bbox 624 1974 773 2052; x_wconf 89' lang='lat' dir='ltr'>syntaxis</span> <span class='ocrx_word' id='word_1_138' title='bbox 804 1973 968 2036; x_wconf 88' lang='lat' dir='ltr'>schemate</span> <span class='ocrx_word' id='word_1_139' title='bbox 998 1974 1134 2053; x_wconf 89' lang='lat' dir='ltr'>Ibycum</span> <span class='ocrx_word' id='word_1_140' title='bbox 1165 1975 1244 2036; x_wconf 90' lang='lat' dir='ltr'>istos</span> 
     </span>
     <span class='ocr_line' id='line_1_19' title="bbox 126 2075 1245 2155; baseline 0.001 -18"><span class='ocrx_word' id='word_1_141' title='bbox 126 2075 345 2137; x_wconf 88' lang='lat' dir='ltr'>coniunctivos</span> <span class='ocrx_word' id='word_1_142' title='bbox 366 2075 608 2137; x_wconf 88' lang='lat' dir='ltr'>indicativorum</span> <span class='ocrx_word' id='word_1_143' title='bbox 629 2075 701 2136; x_wconf 91' lang='lat' dir='ltr'>vice</span> <span class='ocrx_word' id='word_1_144' title='bbox 722 2075 869 2155; x_wconf 87' lang='lat' dir='ltr'>posuisse</span> <span class='ocrx_word' id='word_1_145' title='bbox 890 2077 997 2138; x_wconf 88' lang='lat' dir='ltr'>dicere</span> <span class='ocrx_word' id='word_1_146' title='bbox 1015 2075 1092 2137; x_wconf 93' lang='lat' dir='ltr'>mihi</span> <span class='ocrx_word' id='word_1_147' title='bbox 1109 2077 1245 2138; x_wconf 91' lang='lat' dir='ltr'>videtur.</span> 
     </span>
    </p>

    <p class='ocr_par' dir='ltr' id='par_1_8' title="bbox 125 2175 1248 2671">
     <span class='ocr_line' id='line_1_20' title="bbox 213 2175 1246 2258; baseline 0.002 -20"><span class='ocrx_word' id='word_1_148' title='bbox 213 2175 306 2258; x_wconf 84' lang='lat' dir='ltr'>Quae</span> <span class='ocrx_word' id='word_1_149' title='bbox 332 2177 547 2240; x_wconf 90' lang='lat' dir='ltr'>Herodianus.</span> <span class='ocrx_word' id='word_1_150' title='bbox 563 2177 674 2239; x_wconf 83' lang='lat' dir='ltr'>leviter</span> <span class='ocrx_word' id='word_1_151' title='bbox 703 2175 907 2257; x_wconf 84' lang='lat' dir='ltr'>significavit,</span> <span class='ocrx_word' id='word_1_152' title='bbox 936 2177 1112 2240; x_wconf 88' lang='lat' dir='ltr'>Lesbonax</span> <span class='ocrx_word' id='word_1_153' title='bbox 1139 2197 1246 2258; x_wconf 87' lang='lat' dir='ltr'>gram-</span> 
     </span>
     <span class='ocr_line' id='line_1_21' title="bbox 127 2277 1248 2362; baseline 0.002 -21"><span class='ocrx_word' id='word_1_154' title='bbox 127 2280 261 2342; x_wconf 91' lang='lat' dir='ltr'>maticus</span> <span class='ocrx_word' id='word_1_155' title='bbox 288 2279 320 2340; x_wconf 91' lang='lat' dir='ltr'>ni</span> <span class='ocrx_word' id='word_1_156' title='bbox 345 2277 440 2340; x_wconf 86' lang='lat' dir='ltr'>fallor</span> <span class='ocrx_word' id='word_1_157' title='bbox 462 2281 529 2342; x_wconf 91' lang='lat' dir='ltr'>eius</span> <span class='ocrx_word' id='word_1_158' title='bbox 557 2280 734 2342; x_wconf 90' lang='lat' dir='ltr'>doctrinam</span> <span class='ocrx_word' id='word_1_159' title='bbox 762 2281 926 2361; x_wconf 88' lang='lat' dir='ltr'>excipiens</span> <span class='ocrx_word' id='word_1_160' title='bbox 949 2289 1062 2362; x_wconf 91' lang='lat' dir='ltr'>aperte</span> <span class='ocrx_word' id='word_1_161' title='bbox 1083 2283 1248 2362; x_wconf 87' lang='lat' dir='ltr'>praecepit</span> 
     </span>
     <span class='ocr_line' id='line_1_22' title="bbox 125 2378 1248 2465; baseline 0.004 -22"><span class='ocrx_word' id='word_1_162' title='bbox 125 2383 157 2443; x_wconf 94' lang='lat' dir='ltr'>in</span> <span class='ocrx_word' id='word_1_163' title='bbox 186 2380 295 2444; x_wconf 88' lang='lat' dir='ltr'>libello</span> <span class='ocrx_word' id='word_1_164' title='bbox 321 2381 397 2464; x_wconf 87' lang='grc' dir='ltr'><em>περὶ</em></span> <span class='ocrx_word' id='word_1_165' title='bbox 425 2378 602 2465; x_wconf 80' lang='grc' dir='ltr'><em>σχημάτων</em></span> <span class='ocrx_word' id='word_1_166' title='bbox 628 2403 677 2462; x_wconf 87' lang='lat' dir='ltr'>ap.</span> <span class='ocrx_word' id='word_1_167' title='bbox 705 2381 820 2446; x_wconf 88' lang='lat' dir='ltr'>Valck.</span> <span class='ocrx_word' id='word_1_168' title='bbox 848 2383 959 2449; x_wconf 89' lang='lat' dir='ltr'>Amm.</span> <span class='ocrx_word' id='word_1_169' title='bbox 992 2385 1062 2446; x_wconf 88' lang='lat'>166:</span> <span class='ocrx_word' id='word_1_170' title='bbox 1089 2378 1248 2462; x_wconf 83' lang='grc' dir='ltr'><em>Ἰβύκειον</em></span> 
     </span>
     <span class='ocr_line' id='line_1_23' title="bbox 127 2479 1247 2568; baseline 0.002 -22"><span class='ocrx_word' id='word_1_171' title='bbox 127 2485 181 2564; x_wconf 81' lang='lat' dir='ltr'>(sc</span> <span class='ocrx_word' id='word_1_172' title='bbox 200 2485 322 2568; x_wconf 70' lang='grc' dir='ltr'><em>σχῆμαί·</em></span> <span class='ocrx_word' id='word_1_173' title='bbox 345 2479 392 2559; x_wconf 80' lang='grc' dir='ltr'>οδς</span> <span class='ocrx_word' id='word_1_174' title='bbox 408 2481 449 2549; x_wconf 86' lang='grc' dir='ltr'><em>τὸ</em></span> <span class='ocrx_word' id='word_1_175' title='bbox 472 2481 625 2567; x_wconf 88' lang='grc' dir='ltr'><em>λαμπρὸν</em></span> <span class='ocrx_word' id='word_1_176' title='bbox 641 2485 861 2568; x_wconf 77' lang='grc' dir='ltr'><em>παμφαίνῃσι,</em></span> <span class='ocrx_word' id='word_1_177' title='bbox 882 2485 939 2548; x_wconf 84' lang='grc' dir='ltr'>καὶ</span> <span class='ocrx_word' id='word_1_178' title='bbox 961 2481 1085 2567; x_wconf 78' lang='grc' dir='ltr'><em>λύχνος</em></span> <span class='ocrx_word' id='word_1_179' title='bbox 1101 2487 1247 2567; x_wconf 83' lang='grc' dir='ltr'><em>φαίνῃσι·</em></span> 
     </span>
     <span class='ocr_line' id='line_1_24' title="bbox 126 2580 1248 2671; baseline -0.002 -21"><span class='ocrx_word' id='word_1_180' title='bbox 126 2580 355 2668; x_wconf 88' lang='grc' dir='ltr'><em>άντίστροφόν</em></span> <span class='ocrx_word' id='word_1_181' title='bbox 369 2586 439 2652; x_wconf 83' lang='grc' dir='ltr'><em>ἐστι</em></span> <span class='ocrx_word' id='word_1_182' title='bbox 456 2588 507 2669; x_wconf 79' lang='grc' dir='ltr'><em>τῷ</em></span> <span class='ocrx_word' id='word_1_183' title='bbox 525 2587 713 2669; x_wconf 77' lang='grc' dir='ltr'><em>Κορινθίῳ,</em></span> <span class='ocrx_word' id='word_1_184' title='bbox 734 2582 954 2671; x_wconf 81' lang='grc' dir='ltr'><em>ὑποτακτικη”</em></span> <span class='ocrx_word' id='word_1_185' title='bbox 971 2583 1146 2671; x_wconf 81' lang='grc' dir='ltr'><em>χρώμενον</em></span> <span class='ocrx_word' id='word_1_186' title='bbox 1169 2581 1248 2651; x_wconf 83' lang='grc' dir='ltr'><em>ἀντὶ</em></span> 
     </span>
    </p>
   </div>
   <div class='ocr_carea' id='block_1_6' title="bbox 13 2685 1246 2772">
    <p class='ocr_par' dir='ltr' id='par_1_9' title="bbox 13 2685 1246 2772">
     <span class='ocr_line' id='line_1_25' title="bbox 13 2685 1246 2772; baseline -0.003 -19"><span class='ocrx_word' id='word_1_187' title='bbox 13 2703 14 2716; x_wconf 73' lang='grc'>’</span> <span class='ocrx_word' id='word_1_188' title='bbox 126 2685 308 2772; x_wconf 85' lang='grc' dir='ltr'><em>δριστικοῦ.</em></span> <span class='ocrx_word' id='word_1_189' title='bbox 363 2687 452 2750; x_wconf 90' lang='lat' dir='ltr'>Prius</span> <span class='ocrx_word' id='word_1_190' title='bbox 479 2686 664 2769; x_wconf 87' lang='lat' dir='ltr'>exemplum</span> <span class='ocrx_word' id='word_1_191' title='bbox 690 2709 733 2750; x_wconf 87' lang='lat' dir='ltr'>ex</span> <span class='ocrx_word' id='word_1_192' title='bbox 759 2688 793 2751; x_wconf 93' lang='lat' dir='ltr'>Il.</span> <span class='ocrx_word' id='word_1_193' title='bbox 818 2693 855 2765; x_wconf 78' lang='grc' dir='ltr'>Ε,</span> <span class='ocrx_word' id='word_1_194' title='bbox 877 2691 899 2751; x_wconf 89' lang='grc'>6</span> <span class='ocrx_word' id='word_1_195' title='bbox 925 2689 1164 2751; x_wconf 89' lang='lat' dir='ltr'>Lesbonactem</span> <span class='ocrx_word' id='word_1_196' title='bbox 1192 2688 1246 2750; x_wconf 92' lang='lat' dir='ltr'>de·</span> 
     </span>
    </p>
   </div>
   <div class='ocr_carea' id='block_1_7' title="bbox 13 2790 1246 2871">
    <p class='ocr_par' dir='ltr' id='par_1_10' title="bbox 13 2790 1246 2871">
     <span class='ocr_line' id='line_1_26' title="bbox 13 2790 1246 2871; baseline 0 -19"><span class='ocrx_word' id='word_1_197' title='bbox 13 2809 14 2818; x_wconf 56' lang='lat'>¹</span> <span class='ocrx_word' id='word_1_198' title='bbox 125 2791 333 2871; x_wconf 88' lang='lat' dir='ltr'>prompsisse,</span> <span class='ocrx_word' id='word_1_199' title='bbox 356 2790 492 2852; x_wconf 89' lang='lat' dir='ltr'>alterum</span> <span class='ocrx_word' id='word_1_200' title='bbox 513 2793 559 2852; x_wconf 93' lang='lat' dir='ltr'>uti</span> <span class='ocrx_word' id='word_1_201' title='bbox 582 2790 701 2853; x_wconf 85' lang='lat' dir='ltr'>assolet</span> <span class='ocrx_word' id='word_1_202' title='bbox 718 2791 759 2852; x_wconf 94' lang='lat' dir='ltr'>de</span> <span class='ocrx_word' id='word_1_203' title='bbox 774 2810 833 2853; x_wconf 91' lang='lat' dir='ltr'>suo</span> <span class='ocrx_word' id='word_1_204' title='bbox 856 2790 989 2854; x_wconf 86' lang='lat' dir='ltr'>finxisse</span> <span class='ocrx_word' id='word_1_205' title='bbox 1011 2800 1061 2855; x_wconf 91' lang='lat' dir='ltr'>est</span> <span class='ocrx_word' id='word_1_206' title='bbox 1078 2793 1109 2852; x_wconf 92' lang='lat' dir='ltr'>in</span> <span class='ocrx_word' id='word_1_207' title='bbox 1129 2791 1246 2871; x_wconf 80' lang='lat' dir='ltr'>aprico</span> 
     </span>
    </p>
   </div>
   <div class='ocr_carea' id='block_1_8' title="bbox 124 2890 1267 4304">
    <p class='ocr_par' dir='ltr' id='par_1_11' title="bbox 124 2890 1267 4304">
     <span class='ocr_line' id='line_1_27' title="bbox 211 2890 1248 2974; baseline 0.002 -21"><span class='ocrx_word' id='word_1_208' title='bbox 211 2890 268 2953; x_wconf 89' lang='lat' dir='ltr'>Ab</span> <span class='ocrx_word' id='word_1_209' title='bbox 295 2892 345 2954; x_wconf 89' lang='lat' dir='ltr'>his</span> <span class='ocrx_word' id='word_1_210' title='bbox 371 2892 468 2973; x_wconf 92' lang='lat' dir='ltr'>plane</span> <span class='ocrx_word' id='word_1_211' title='bbox 493 2893 615 2955; x_wconf 89' lang='lat' dir='ltr'>recedit</span> <span class='ocrx_word' id='word_1_212' title='bbox 640 2893 828 2956; x_wconf 88' lang='lat' dir='ltr'>Heraclides</span> <span class='ocrx_word' id='word_1_213' title='bbox 857 2896 1102 2973; x_wconf 87' lang='lat' dir='ltr'>grammaticus,</span> <span class='ocrx_word' id='word_1_214' title='bbox 1134 2896 1188 2974; x_wconf 90' lang='lat' dir='ltr'>qui</span> <span class='ocrx_word' id='word_1_215' title='bbox 1216 2903 1248 2956; x_wconf 90' lang='lat' dir='ltr'>et</span> 
     </span>
     <span class='ocr_line' id='line_1_28' title="bbox 125 2991 1247 3080; baseline -0.003 -21"><span class='ocrx_word' id='word_1_216' title='bbox 125 2992 229 3077; x_wconf 81' lang='grc' dir='ltr'><em>ἔχῃσι,</em></span> <span class='ocrx_word' id='word_1_217' title='bbox 260 2993 401 3077; x_wconf 83' lang='grc' dir='ltr'><em>ἐγείρῃσι</em></span> <span class='ocrx_word' id='word_1_218' title='bbox 428 3003 460 3056; x_wconf 91' lang='lat' dir='ltr'>et</span> <span class='ocrx_word' id='word_1_219' title='bbox 487 2991 596 3080; x_wconf 90' lang='grc' dir='ltr'><em>νόησι,</em></span> <span class='ocrx_word' id='word_1_220' title='bbox 628 2997 739 3079; x_wconf 77' lang='grc' dir='ltr'><em>φίλῃσι</em></span> <span class='ocrx_word' id='word_1_221' title='bbox 764 3015 858 3056; x_wconf 88' lang='lat' dir='ltr'>veros</span> <span class='ocrx_word' id='word_1_222' title='bbox 887 3015 958 3056; x_wconf 86' lang='lat' dir='ltr'>esse</span> <span class='ocrx_word' id='word_1_223' title='bbox 984 2997 1175 3058; x_wconf 89' lang='lat' dir='ltr'>indicativos</span> <span class='ocrx_word' id='word_1_224' title='bbox 1204 3015 1247 3057; x_wconf 87' lang='lat' dir='ltr'>ex</span> 
     </span>
     <span class='ocr_line' id='line_1_29' title="bbox 125 3093 1247 3178; baseline -0.001 -19"><span class='ocrx_word' id='word_1_225' title='bbox 125 3097 348 3177; x_wconf 81' lang='lat' dir='ltr'>Rheginorum</span> <span class='ocrx_word' id='word_1_226' title='bbox 375 3115 524 3159; x_wconf 89' lang='lat' dir='ltr'>sermone</span> <span class='ocrx_word' id='word_1_227' title='bbox 551 3106 676 3158; x_wconf 90' lang='lat' dir='ltr'>sumtos</span> <span class='ocrx_word' id='word_1_228' title='bbox 702 3096 879 3177; x_wconf 88' lang='lat' dir='ltr'>profitetur.</span> <span class='ocrx_word' id='word_1_229' title='bbox 918 3093 1014 3158; x_wconf 92' lang='lat' dir='ltr'>Cuius</span> <span class='ocrx_word' id='word_1_230' title='bbox 1038 3107 1247 3178; x_wconf 89' lang='lat' dir='ltr'>praeceptum</span> 
     </span>
     <span class='ocr_line' id='line_1_30' title="bbox 126 3198 1247 3261; baseline 0.001 -1"><span class='ocrx_word' id='word_1_231' title='bbox 126 3199 261 3260; x_wconf 90' lang='lat' dir='ltr'>aliorum</span> <span class='ocrx_word' id='word_1_232' title='bbox 289 3199 424 3260; x_wconf 89' lang='lat' dir='ltr'>diversis</span> <span class='ocrx_word' id='word_1_233' title='bbox 451 3199 614 3261; x_wconf 90' lang='lat' dir='ltr'>sententiis</span> <span class='ocrx_word' id='word_1_234' title='bbox 641 3199 862 3260; x_wconf 87' lang='lat' dir='ltr'>intermixtum</span> <span class='ocrx_word' id='word_1_235' title='bbox 891 3200 1031 3260; x_wconf 90' lang='lat' dir='ltr'>servavit</span> <span class='ocrx_word' id='word_1_236' title='bbox 1058 3198 1247 3261; x_wconf 88' lang='lat' dir='ltr'>Eustathius</span> 
     </span>
     <span class='ocr_line' id='line_1_31' title="bbox 125 3296 1246 3386; baseline 0.001 -23"><span class='ocrx_word' id='word_1_237' title='bbox 125 3302 168 3363; x_wconf 86' lang='lat' dir='ltr'>ad</span> <span class='ocrx_word' id='word_1_238' title='bbox 189 3301 252 3364; x_wconf 91' lang='lat' dir='ltr'>Od.</span> <span class='ocrx_word' id='word_1_239' title='bbox 275 3322 302 3384; x_wconf 88' lang='grc' dir='ltr'>η,</span> <span class='ocrx_word' id='word_1_240' title='bbox 329 3315 386 3380; x_wconf 90' lang='lat'>197</span> <span class='ocrx_word' id='word_1_241' title='bbox 409 3321 441 3381; x_wconf 91' lang='lat' dir='ltr'>p.</span> <span class='ocrx_word' id='word_1_242' title='bbox 467 3303 555 3381; x_wconf 83' lang='lat'>1576,</span> <span class='ocrx_word' id='word_1_243' title='bbox 580 3302 634 3380; x_wconf 81' lang='lat'>56:</span> <span class='ocrx_word' id='word_1_244' title='bbox 666 3299 791 3379; x_wconf 85' lang='grc' dir='ltr'><em>ἰστέον,</em></span> <span class='ocrx_word' id='word_1_245' title='bbox 822 3298 869 3376; x_wconf 79' lang='grc' dir='ltr'>ως</span> <span class='ocrx_word' id='word_1_246' title='bbox 896 3300 989 3384; x_wconf 86' lang='grc' dir='ltr'><em>είπερ</em></span> <span class='ocrx_word' id='word_1_247' title='bbox 1015 3299 1058 3386; x_wconf 85' lang='grc' dir='ltr'>μὴ</span> <span class='ocrx_word' id='word_1_248' title='bbox 1082 3296 1246 3386; x_wconf 77' lang='grc' dir='ltr'><em>ἐγράφετο</em></span> 
     </span>
     <span class='ocr_line' id='line_1_32' title="bbox 125 3392 1246 3488; baseline -0.002 -21"><span class='ocrx_word' id='word_1_249' title='bbox 125 3401 358 3478; x_wconf 78' lang='grc' dir='ltr'><em>Κατακλῶδές</em></span> <span class='ocrx_word' id='word_1_250' title='bbox 384 3425 420 3466; x_wconf 90' lang='grc' dir='ltr'><em>τε</em></span> <span class='ocrx_word' id='word_1_251' title='bbox 443 3405 584 3485; x_wconf 80' lang='grc' dir='ltr'><em>βαρεῖαι,</em></span> <span class='ocrx_word' id='word_1_252' title='bbox 616 3397 699 3467; x_wconf 83' lang='grc' dir='ltr'><em>άλλά</em></span> <span class='ocrx_word' id='word_1_253' title='bbox 725 3399 964 3488; x_wconf 78' lang='grc' dir='ltr'><em>κατακλώθησι</em></span> <span class='ocrx_word' id='word_1_254' title='bbox 991 3407 1108 3486; x_wconf 83' lang='grc' dir='ltr'><em>βαρεῖα</em></span> <span class='ocrx_word' id='word_1_255' title='bbox 1133 3392 1175 3487; x_wconf 78' lang='grc' dir='ltr'>ἦν</span> <span class='ocrx_word' id='word_1_256' title='bbox 1202 3397 1246 3465; x_wconf 76' lang='grc' dir='ltr'>ἂν</span> 
     </span>
     <span class='ocr_line' id='line_1_33' title="bbox 125 3499 1267 3590; baseline 0 -22"><span class='ocrx_word' id='word_1_257' title='bbox 125 3503 167 3569; x_wconf 85' lang='grc' dir='ltr'><em>τὸ</em></span> <span class='ocrx_word' id='word_1_258' title='bbox 190 3502 278 3590; x_wconf 81' lang='grc' dir='ltr'><em>ῥῆμα</em></span> <span class='ocrx_word' id='word_1_259' title='bbox 297 3501 455 3589; x_wconf 82' lang='grc' dir='ltr'><em>Ῥηγίνων</em></span> <span class='ocrx_word' id='word_1_260' title='bbox 478 3504 664 3581; x_wconf 86' lang='grc' dir='ltr'><em>διαλέκτου,</em></span> <span class='ocrx_word' id='word_1_261' title='bbox 688 3503 721 3570; x_wconf 79' lang='grc' dir='ltr'>οἳ</span> <span class='ocrx_word' id='word_1_262' title='bbox 742 3499 826 3570; x_wconf 79' lang='grc' dir='ltr'><em>καθ’</em></span> <span class='ocrx_word' id='word_1_263' title='bbox 849 3502 1061 3590; x_wconf 87' lang='grc' dir='ltr'><em>Ἡρακλείδην</em></span> <span class='ocrx_word' id='word_1_264' title='bbox 1082 3503 1126 3569; x_wconf 85' lang='grc' dir='ltr'><em>τά</em></span> <span class='ocrx_word' id='word_1_265' title='bbox 1148 3505 1267 3588; x_wconf 43' lang='grc' dir='ltr'><em>τρίται</em></span> 
     </span>
     <span class='ocr_line' id='line_1_34' title="bbox 124 3600 1246 3693; baseline 0 -23"><span class='ocrx_word' id='word_1_266' title='bbox 124 3611 199 3670; x_wconf 77' lang='grc' dir='ltr'><em>τῶν</em></span> <span class='ocrx_word' id='word_1_267' title='bbox 218 3603 399 3688; x_wconf 81' lang='grc' dir='ltr'><em>δριστικῶν</em></span> <span class='ocrx_word' id='word_1_268' title='bbox 415 3609 681 3691; x_wconf 78' lang='grc' dir='ltr'><em>περισπωμένων</em></span> <span class='ocrx_word' id='word_1_269' title='bbox 698 3610 758 3692; x_wconf 81' lang='grc' dir='ltr'><em>τῆς</em></span> <span class='ocrx_word' id='word_1_270' title='bbox 774 3604 911 3693; x_wconf 80' lang='grc' dir='ltr'><em>πρώτης</em></span> <span class='ocrx_word' id='word_1_271' title='bbox 929 3609 1081 3692; x_wconf 79' lang='grc' dir='ltr'><em>συζυγίας</em></span> <span class='ocrx_word' id='word_1_272' title='bbox 1098 3600 1155 3672; x_wconf 85' lang='grc' dir='ltr'>καί</span> <span class='ocrx_word' id='word_1_273' title='bbox 1172 3610 1246 3670; x_wconf 80' lang='grc' dir='ltr'><em>τῶν</em></span> 
     </span>
     <span class='ocr_line' id='line_1_35' title="bbox 124 3704 1246 3794; baseline -0.002 -20"><span class='ocrx_word' id='word_1_274' title='bbox 124 3706 329 3792; x_wconf 80' lang='grc' dir='ltr'><em>βαρυτόνων</em></span> <span class='ocrx_word' id='word_1_275' title='bbox 352 3708 388 3772; x_wconf 74' lang='grc' dir='ltr'>δὲ</span> <span class='ocrx_word' id='word_1_276' title='bbox 409 3704 568 3794; x_wconf 82' lang='grc' dir='ltr'><em>ῥημάτων</em></span> <span class='ocrx_word' id='word_1_277' title='bbox 586 3707 672 3774; x_wconf 83' lang='grc' dir='ltr'><em>κατὰ</em></span> <span class='ocrx_word' id='word_1_278' title='bbox 687 3707 728 3773; x_wconf 86' lang='grc' dir='ltr'><em>τὸ</em></span> <span class='ocrx_word' id='word_1_279' title='bbox 747 3705 861 3774; x_wconf 77' lang='grc' dir='ltr'><em>ἓνικδν</em></span> <span class='ocrx_word' id='word_1_280' title='bbox 877 3709 924 3785; x_wconf 91' lang='grc' dir='ltr'>είς</span> <span class='ocrx_word' id='word_1_281' title='bbox 944 3708 1007 3794; x_wconf 76' lang='grc' dir='ltr'><em>τὴν</em></span> <span class='ocrx_word' id='word_1_282' title='bbox 1028 3713 1058 3779; x_wconf 77' lang='grc' dir='ltr'><em>σί</em></span> <span class='ocrx_word' id='word_1_283' title='bbox 1081 3705 1246 3794; x_wconf 81' lang='grc' dir='ltr'><em>συλλαβὴν</em></span> 
     </span>
     <span class='ocr_line' id='line_1_36' title="bbox 124 3807 1246 3896; baseline 0.003 -23"><span class='ocrx_word' id='word_1_284' title='bbox 124 3815 302 3894; x_wconf 84' lang='grc' dir='ltr'><em>περαιοῦοι</em></span> <span class='ocrx_word' id='word_1_285' title='bbox 329 3808 421 3890; x_wconf 86' lang='lat' dir='ltr'>(Ahr.</span> <span class='ocrx_word' id='word_1_286' title='bbox 444 3812 638 3893; x_wconf 85' lang='grc' dir='ltr'><em>περατοῦσι)</em></span> <span class='ocrx_word' id='word_1_287' title='bbox 669 3815 733 3876; x_wconf 83' lang='grc' dir='ltr'><em>τοῦ</em></span> <span class='ocrx_word' id='word_1_288' title='bbox 763 3835 784 3896; x_wconf 94' lang='grc' dir='ltr'><em>η</em></span> <span class='ocrx_word' id='word_1_289' title='bbox 814 3807 1079 3895; x_wconf 75' lang='grc' dir='ltr'><em>παραλίγοντος·</em></span> <span class='ocrx_word' id='word_1_290' title='bbox 1111 3809 1152 3876; x_wconf 86' lang='grc' dir='ltr'><em>τὸ</em></span> <span class='ocrx_word' id='word_1_291' title='bbox 1185 3808 1246 3892; x_wconf 83' lang='grc' dir='ltr'>γὰρ</span> 
     </span>
     <span class='ocr_line' id='line_1_37' title="bbox 125 3909 1247 3998; baseline -0.001 -23"><span class='ocrx_word' id='word_1_292' title='bbox 125 3917 219 3993; x_wconf 81' lang='grc' dir='ltr'><em>φιλεῖ</em></span> <span class='ocrx_word' id='word_1_293' title='bbox 242 3912 299 3976; x_wconf 90' lang='grc' dir='ltr'>καὶ</span> <span class='ocrx_word' id='word_1_294' title='bbox 326 3922 399 3976; x_wconf 82' lang='grc' dir='ltr'><em>νοεῖ</em></span> <span class='ocrx_word' id='word_1_295' title='bbox 424 3912 480 3975; x_wconf 85' lang='grc' dir='ltr'>καὶ</span> <span class='ocrx_word' id='word_1_296' title='bbox 502 3911 588 3995; x_wconf 85' lang='grc' dir='ltr'><em>λέγει</em></span> <span class='ocrx_word' id='word_1_297' title='bbox 610 3912 781 3996; x_wconf 85' lang='grc' dir='ltr'><em>καὶφέρει</em></span> <span class='ocrx_word' id='word_1_298' title='bbox 804 3914 924 3998; x_wconf 87' lang='grc' dir='ltr'><em>φίλῃσι,</em></span> <span class='ocrx_word' id='word_1_299' title='bbox 948 3915 1039 3998; x_wconf 88' lang='grc' dir='ltr'><em>φησί,</em></span> <span class='ocrx_word' id='word_1_300' title='bbox 1070 3914 1126 3978; x_wconf 89' lang='grc' dir='ltr'>καὶ</span> <span class='ocrx_word' id='word_1_301' title='bbox 1149 3909 1247 3996; x_wconf 79' lang='grc' dir='ltr'><em>νιήσι</em></span> 
     </span>
     <span class='ocr_line' id='line_1_38' title="bbox 125 4008 1267 4099; baseline -0.002 -21"><span class='ocrx_word' id='word_1_302' title='bbox 125 4015 183 4078; x_wconf 85' lang='grc' dir='ltr'>καὶ</span> <span class='ocrx_word' id='word_1_303' title='bbox 204 4014 315 4098; x_wconf 84' lang='grc' dir='ltr'><em>λέγησι</em></span> <span class='ocrx_word' id='word_1_304' title='bbox 332 4008 388 4077; x_wconf 82' lang='grc' dir='ltr'>καί</span> <span class='ocrx_word' id='word_1_305' title='bbox 403 4013 528 4099; x_wconf 86' lang='grc' dir='ltr'><em>φέρῃσι·</em></span> <span class='ocrx_word' id='word_1_306' title='bbox 547 4017 709 4079; x_wconf 85' lang='grc' dir='ltr'><em>τοιοῦτον</em></span> <span class='ocrx_word' id='word_1_307' title='bbox 728 4014 837 4080; x_wconf 76' lang='grc' dir='ltr'><em>δὲκαὶ</em></span> <span class='ocrx_word' id='word_1_308' title='bbox 859 4013 900 4080; x_wconf 87' lang='grc' dir='ltr'><em>τὸ</em></span> <span class='ocrx_word' id='word_1_309' title='bbox 924 4012 1078 4099; x_wconf 87' lang='grc' dir='ltr'><em>λαμπρὸν</em></span> <span class='ocrx_word' id='word_1_310' title='bbox 1100 4015 1267 4098; x_wconf 60' lang='grc' dir='ltr'><em>παμφαΐῖ</em></span> 
     </span>
     <span class='ocr_line' id='line_1_39' title="bbox 125 4106 1247 4202; baseline -0.001 -23"><span class='ocrx_word' id='word_1_311' title='bbox 125 4133 202 4200; x_wconf 88' lang='grc' dir='ltr'><em>νησι</em></span> <span class='ocrx_word' id='word_1_312' title='bbox 223 4109 299 4200; x_wconf 75' lang='grc' dir='ltr'><em>παρ’</em></span> <span class='ocrx_word' id='word_1_313' title='bbox 317 4110 461 4199; x_wconf 75' lang='grc' dir='ltr'><em>Ὁμίρφ,</em></span> <span class='ocrx_word' id='word_1_314' title='bbox 485 4106 586 4194; x_wconf 65' lang='lat' dir='ltr'>drag,</span> <span class='ocrx_word' id='word_1_315' title='bbox 609 4117 700 4200; x_wconf 89' lang='grc' dir='ltr'><em>φησί,</em></span> <span class='ocrx_word' id='word_1_316' title='bbox 724 4115 918 4200; x_wconf 82' lang='grc' dir='ltr'><em>χρησαμένῳ</em></span> <span class='ocrx_word' id='word_1_317' title='bbox 941 4119 984 4202; x_wconf 81' lang='grc' dir='ltr'><em>τῆ</em></span> <span class='ocrx_word' id='word_1_318' title='bbox 1006 4117 1168 4200; x_wconf 82' lang='grc' dir='ltr'><em>διαλέκτῳ</em></span> <span class='ocrx_word' id='word_1_319' title='bbox 1192 4114 1247 4180; x_wconf 75' lang='grc' dir='ltr'>ἐπὶ</span> 
     </span>
     <span class='ocr_line' id='line_1_40' title="bbox 125 4212 1246 4304; baseline 0.004 -24"><span class='ocrx_word' id='word_1_320' title='bbox 125 4215 263 4284; x_wconf 88' lang='grc' dir='ltr'><em>τουτου.</em></span> <span class='ocrx_word' id='word_1_321' title='bbox 287 4219 437 4282; x_wconf 83' lang='grc' dir='ltr'><em>καλεῖται</em></span> <span class='ocrx_word' id='word_1_322' title='bbox 459 4215 497 4281; x_wconf 73' lang='grc' dir='ltr'>δὲ</span> <span class='ocrx_word' id='word_1_323' title='bbox 519 4217 575 4281; x_wconf 85' lang='grc' dir='ltr'>καὶ</span> <span class='ocrx_word' id='word_1_324' title='bbox 597 4215 638 4282; x_wconf 84' lang='grc' dir='ltr'><em>τὸ</em></span> <span class='ocrx_word' id='word_1_325' title='bbox 661 4216 768 4303; x_wconf 83' lang='grc' dir='ltr'><em>σχῆμα</em></span> <span class='ocrx_word' id='word_1_326' title='bbox 783 4212 942 4296; x_wconf 80' lang='grc' dir='ltr'><em>Ἰβυκειον</em></span> <span class='ocrx_word' id='word_1_327' title='bbox 960 4216 1027 4283; x_wconf 80' lang='grc' dir='ltr'>ὑπὸ</span> <span class='ocrx_word' id='word_1_328' title='bbox 1052 4223 1123 4284; x_wconf 80' lang='grc' dir='ltr'><em>τῶν</em></span> <span class='ocrx_word' id='word_1_329' title='bbox 1145 4241 1246 4304; x_wconf 92' lang='grc' dir='ltr'><em>γραμ-</em></span> 
     </span>
    </p>
   </div>
   <div class='ocr_carea' id='block_1_9' title="bbox 0 0 1526 4804">
    <p class='ocr_par' dir='ltr' id='par_1_12' title="bbox 0 0 1526 4804">
     <span class='ocr_line' id='line_1_41' title="bbox 0 0 1526 4804; baseline 0 0"><span class='ocrx_word' id='word_1_330' title='bbox 0 0 1526 4804; x_wconf 95' lang='lat' dir='ltr'> </span> 
     </span>
    </p>
   </div>
  </div>
 </body>
</html>
