3042 4804
672 220 860 284 ..3..

207 388 243 450 ln
273 385 467 470 Apollodori
499 386 680 470 fragmento
712 388 842 470 (Bergk,
879 391 968 466 1110)
998 409 1058 472 pro
1089 391 1183 458 codd.
1213 386 1321 476 τοιῇδ’

209 481 280 574 ὥρη
301 488 475 570 legendum
499 497 548 552 est
570 483 678 578 τοιάδ
698 481 779 578 ὥρᾳ.

294 591 394 674 Apud
424 592 596 656 Pindarum
624 593 717 655 unico
747 592 820 656 loco
844 591 886 668 (P.
909 593 948 667 V,
970 595 1010 675 67
1023 593 1047 668 8)
1073 603 1224 676 quattuor
1253 594 1324 658 libri

209 692 379 775 perhibent
395 688 565 779 εὐνομίην,
580 696 668 775 quod
683 703 812 776 praeter
824 693 1064 760 Mommsenum
1077 717 1174 761 nemo
1189 699 1325 762 retinuit.

294 793 577 859 Substantivorum
599 795 859 872 masculinorum,
886 817 969 878 quae
991 801 1023 862 in
1045 835 1085 846 -
1109 823 1148 876 ας
1168 802 1325 874 desinunt,

210 899 378 962 traduntur
396 897 549 980 exempla
567 898 665 962 haec:
687 918 787 960 nom.
802 895 1030 984 Ὑπεριονίδας
1047 901 1131 965 Stes.
1155 905 1188 977 8;
1211 904 1324 970 Πλεισ-

212 1001 351 1077 θενίδας
383 1016 444 1078 423
478 993 589 1076 Ἀ’ίδας
622 1012 673 1080 5ο;
704 1001 824 1084 βορέας
852 1000 898 1068 Ib.
932 1019 960 1078 13
987 999 1135 1088 Ἑρμᾶςθ)
1165 1003 1242 1068 Sim.
1277 1007 1325 1078 183

211 1099 390 1184 καλλιβόας
417 1104 479 1181 46;
513 1097 679 1187 ὑπηρέτας
696 1103 794 1166 Prat.
815 1103 838 1170 1.
857 1117 888 1185 7;
911 1103 1139 1190 στρατηλάτας
1160 1106 1182 1168 l.
1197 1124 1228 1186 93
1256 1125 1326 1170 acc.

214 1205 350 1272 ολκέταν
374 1203 451 1268 Sim.
475 1221 512 1282 4;
535 1203 659 1270 ναέταν
683 1218 734 1286 57;
758 1204 974 1288 Λευτυχίδαν,
993 1201 1207 1291 Ἀριστείδαν,
1228 1203 1328 1290 ψεύσ·
1443 1273 1445 1278 ,
1515 1219 1516 1226 ’

212 1331 291 1388 ταν,
321 1301 498 1391 προδόταν
532 1306 672 1373 Timocr.
708 1325 737 1382 1;
773 1341 815 1354 --
847 1303 955 1387 βάτον
986 1309 1069 1374 Prat.
1098 1311 1120 1373 I.
1150 1327 1196 1390 13.
1246 1330 1326 1374 voc.

210 1403 418 1494 χροσεοκόμα
440 1405 517 1472 Sim.
541 1423 590 1489 27.
1048 1473 1051 1480 ,

213 1569 214 1576 ,
298 1511 345 1590 ΙΙ.,
368 1511 398 1574 in
421 1510 571 1574 omnibus
593 1511 766 1576 verborum
789 1532 925 1593 quorum
947 1513 1043 1595 stirps
1061 1513 1091 1578 iu
1111 1537 1132 1578 α
1150 1515 1218 1576 exit
1236 1513 1329 1576 decli·

213 1613 384 1676 namentis:
422 1613 578 1693 νίκασείν)
610 1611 694 1680 Stes.
726 1631 760 1694 3;
805 1612 882 1678 Sim.
918 1628 966 1694 52.
1004 1612 1190 1682 νικάσαντα
1223 1617 1330 1692 (codd.

213 1735 313 1798 prave
336 1711 529 1802 νικήσαντα)
548 1714 661 1777 Bacch.
684 1716 713 1781 6.
737 1707 851 1782 ὤνασα
868 1714 945 1780 Sim.
970 1729 1018 1797 55,
1040 1725 1073 1780 at
1096 1711 1288 1802 ὀνησίπολις
1312 1731 1326 1798 5

215 1823 253 1897 (v.
277 1817 366 1898 inin).
388 1815 464 1897 ἔβας
486 1815 569 1880 Stes.
594 1819 647 1892 263
670 1814 729 1898 ἔβα
751 1816 834 1882 Stes.
858 1820 886 1894 8,
906 1833 936 1898 53
962 1818 1009 1884 lb.
1032 1835 1067 1895 2;
1096 1820 1235 1883 Timocr.
1257 1820 1279 1895 Ι,
1302 1822 1330 1884 8.

214 1916 374 2005 φάσωμεν
396 1919 514 1982 Bacch.
532 1934 585 1999 303
608 1916 672 2006 ἔφα
691 1936 739 2000 33,
766 1921 825 1983 sed
847 1920 878 1982 in
900 1921 1019 1984 eodem
1040 1920 1222 2002 fragmento
1245 1919 1330 2006 ἔστη,

216 2024 305 2105 quod
336 2025 400 2086 iam
432 2023 524 2086 Neue
554 2022 596 2084 ad
627 2019 691 2103 ἔφα
724 2022 895 2104 respiciens
926 2023 992 2086 iure
1018 2025 1049 2087 in
1075 2021 1154 2090 ἔστα
1181 2025 1330 2088 correxit.

175 2183 177 2186 .
214 2124 279 2209 ἔφα
305 2125 445 2188 Timocr.
472 2123 500 2186 6.
529 2123 723 2190 αατ-έστασε
755 2124 840 2188 Prat.
869 2124 892 2200 Ι,
918 2127 947 2188 6.
990 2127 1198 2210 Στασίχορος
1223 2128 1330 2204 (codd.

214 2229 240 2290 B
263 2227 468 2290 PAthenaei
491 2225 573 2288 salso
595 2226 799 2311 στησίχορος)
823 2225 901 2290 Sim.
928 2240 942 2307 5
948 2244 976 2307 3.

256 2377 257 2382 η
300 2329 374 2392 Huc
396 2329 493 2392 etiarn
516 2327 709 2392 trahendum
733 2337 782 2392 est
804 2329 867 2392 adi.
889 2329 977 2392 verb.
999 2327 1130 2406 θνατός
1151 2328 1250 2416 (Sim.
1280 2333 1331 2410 58;

217 2433 293 2498 scol.
317 2434 349 2506 8,
372 2429 486 2498 Bacch.
512 2446 547 2505 2;
574 2447 626 2510 13;
657 2445 713 2510 213
741 2432 793 2512 29)
815 2432 923 2512 stirpis
945 2437 1022 2505 θαν,
1041 2452 1130 2512 'quae
1152 2452 1211 2513 per
1233 2441 1332 2494 meta·

218 2533 321 2598 thesin
335 2534 367 2596 in
384 2538 456 2599 θνα
473 2533 699 2614 transponitur.
740 2531 959 2596 Librariomm
976 2553 1055 2597 vero
1080 2533 1174 2616 culpa
1196 2536 1333 2597 cernitur

217 2638 249 2700 in
279 2635 423 2722 θνητῶν
454 2632 531 2700 Sim.
563 2650 616 2713 713
647 2634 763 2698 Bacch.
796 2652 813 2714 3
846 2644 878 2698 et
911 2641 1054 2720 θνητοῖς
1083 2636 1196 2700 Bacch.
1226 2654 1262 2716 93
1293 2637 1333 2716 36

218 2739 336 2803 iamdiu
359 2758 378 2800 a
400 2739 515 2800 criticis
538 2738 579 2802 ad
597 2737 754 2800 rationem
778 2736 926 2801 reductis.

302 2839 363 2918 ΙΙΙ,
385 2841 417 2904 in
444 2840 578 2922 principi
607 2838 732 2920 syllaba
762 2839 1021 2920 praeteritorum,
1053 2842 1084 2902 in
1114 2839 1228 2920 quibus
1257 2859 1332 2920 aug·

219 2951 329 3005 mento
351 2941 520 3023 temporali
540 2940 638 3022 vulgo
661 2964 681 3025 η
704 2961 747 3004 ex
770 2965 791 3005 α
812 2942 965 3004 nascitur:
995 2938 1072 3005 Sim.
1098 2955 1135 3021 53
1160 2936 1262 3018 άεισε;
1291 2957 1334 3018 4ο

220 3037 383 3121 άλλοντο,·
408 3043 451 3120 46
478 3036 602 3128 άρὲατο
631 3047 703 3120 (cor.
726 3040 939 3118 Schneidew.;
968 3044 1063 3105 codd.
1085 3041 1165 3106 falso
1187 3036 1333 3128 ἤρξατοζη

221 3147 359 3210 Timocr.
370 3145 392 3222 I,
407 3144 429 3206 6
445 3149 601 3229 κατᾶγεν.
626 3145 793 3208 Pindarica
812 3143 963 3226 exempla
972 3145 1133 3226 congessit
1142 3145 1236 3208 Peter
1245 3166 1275 3226 p.
1286 3159 1332 3225 54

305 3248 369 3323 IV,
392 3249 422 3310 in
445 3247 555 3312 formis
578 3246 761 3310 verbalibus
784 3256 816 3309 et
838 3247 973 3310 vocibus
995 3247 1154 3324 derivatis,
1176 3267 1332 3328 quaecun-

220 3370 282 3430 que
304 3351 345 3412 ad
368 3351 499 3431 stirpes,
531 3350 561 3410 in
584 3348 700 3430 quibus
723 3372 744 3412 α
767 3357 829 3424 est,
852 3351 995 3412 revocari
1017 3358 1164 3430 possunt,
1187 3359 1222 3412 ut
1244 3349 1331 3414 Pind.

220 3451 259 3516 Ο.
277 3451 314 3527 II,
337 3454 374 3514 18
391 3447 490 3526 λάθα,
508 3451 546 3516 al.
566 3452 605 3530 (v,
620 3450 714 3512 Peter
730 3471 762 3532 p.
786 3452 843 3531 15).
861 3450 946 3514 Dein
964 3448 1040 3516 Sim.
1060 3467 1096 3514 12
1115 3447 1333 3534 λαθ-άνεμος;

218 3554 358 3618 Timocr.
392 3571 402 3615 1
436 3546 565 3638 ἤχθαρε
592 3556 657 3630 (att.
682 3544 838 3637 ἧχθηρε);
868 3551 999 3634 Ariphr.
1026 3553 1148 3618 τέθαλε
1175 3552 1224 3632 (ci.
1246 3552 1334 3614 Pind.

218 3655 251 3718 P.
274 3655 328 3731 ΧΙ,
353 3669 389 3736 53
414 3650 601 3731 τεθαλότα;
624 3653 660 3720 ir.
686 3667 745 3735 107
764 3654 929 3729 riualem

288 3910 308 3969 ⁸)
326 3914 389 3962 Loci
416 3918 438 3961 et
461 3911 587 3962 Pindarici
614 3917 638 3960 et
661 3919 801 3961 ceterorum
830 3912 975 3960 melicorum
1000 3911 1069 3960 allati
1091 3921 1147 3961 suut
1171 3926 1201 3960 ex
1224 3911 1334 3960 editione

219 3982 362 4045 Bergkiana
379 3983 507 4045 pottarum
526 3980 660 4044 lyricorum
679 3980 759 4030 tertia.

287 4046 308 4112 9)
326 4049 355 4098 ln
384 4048 569 4112 corruptissimo
592 4047 730 4098 Stesichori
748 4047 776 4098 ir.
803 4059 812 4096 1
833 4047 900 4096 haud
927 4047 978 4096 scio
1005 4063 1037 4095 an
1064 4047 1198 4096 Blomfield
1226 4049 1332 4098 formam

220 4119 323 4183 epicam·
344 4109 473 4184 Ἑρμείας
495 4121 589 4166 temere
614 4117 754 4169 restituerit.
793 4115 919 4179 Equidem
942 4114 1072 4164 Kleiuium
1100 4123 1196 4166 secutus
1223 4115 1332 4166 scribere

219 4185 307 4234 malim
326 4177 437 4252 Ἑρμᾶς,
455 4199 504 4248 qua
522 4185 603 4234 forma
620 4184 741 4234 Pindarus
759 4198 859 4248 quoque
877 4198 975 4247 semper
994 4191 1029 4233 est
1048 4199 1112 4233 usus.
