<?xml version="1.0" encoding="UTF-8"?>
<!DOCTYPE html PUBLIC "-//W3C//DTD XHTML 1.0 Transitional//EN"
    "http://www.w3.org/TR/xhtml1/DTD/xhtml1-transitional.dtd">
<html xmlns="http://www.w3.org/1999/xhtml" xml:lang="en" lang="en">
 <head>
  <title>
</title>
<meta http-equiv="Content-Type" content="text/html;charset=utf-8" />
  <meta name='ocr-system' content='tesseract 3.04.00' />
  <meta name='ocr-capabilities' content='ocr_page ocr_carea ocr_par ocr_line ocrx_word'/>
</head>
<body>
  <div class='ocr_page' id='page_1' title='image "./dedialectisstes00mukagoog_0043.png"; bbox 0 0 3042 4804; ppageno 0'>
   <div class='ocr_carea' id='block_1_1' title="bbox 720 233 931 297">
    <p class='ocr_par' dir='ltr' id='par_1_1' title="bbox 720 233 931 297">
     <span class='ocr_line' id='line_1_1' title="bbox 720 233 931 297; baseline -0.005 -33"><span class='ocrx_word' id='word_1_1' title='bbox 720 233 931 297; x_wconf 68' lang='lat'>,32-</span> 
     </span>
    </p>
   </div>
   <div class='ocr_carea' id='block_1_2' title="bbox 266 377 1502 574">
    <p class='ocr_par' dir='ltr' id='par_1_2' title="bbox 266 377 1502 574">
     <span class='ocr_line' id='line_1_2' title="bbox 266 377 1502 470; baseline 0.004 -22"><span class='ocrx_word' id='word_1_2' title='bbox 266 387 421 467; x_wconf 74' lang='lat' dir='ltr'>figendae</span> <span class='ocrx_word' id='word_1_3' title='bbox 452 387 481 450; x_wconf 91' lang='lat' dir='ltr'>ei</span> <span class='ocrx_word' id='word_1_4' title='bbox 512 395 615 461; x_wconf 90' lang='lat' dir='ltr'>erant,</span> <span class='ocrx_word' id='word_1_5' title='bbox 648 389 680 450; x_wconf 93' lang='lat' dir='ltr'>id</span> <span class='ocrx_word' id='word_1_6' title='bbox 708 390 797 468; x_wconf 93' lang='lat' dir='ltr'>quod</span> <span class='ocrx_word' id='word_1_7' title='bbox 827 407 942 469; x_wconf 85' lang='lat' dir='ltr'>reapse</span> <span class='ocrx_word' id='word_1_8' title='bbox 974 387 1107 452; x_wconf 89' lang='lat' dir='ltr'>Boeckh</span> <span class='ocrx_word' id='word_1_9' title='bbox 1135 389 1167 452; x_wconf 92' lang='lat' dir='ltr'>in</span> <span class='ocrx_word' id='word_1_10' title='bbox 1199 389 1315 456; x_wconf 87' lang='lat' dir='ltr'><strong>Bacch.</strong></span> <span class='ocrx_word' id='word_1_11' title='bbox 1350 407 1383 470; x_wconf 83' lang='lat'>13</span> <span class='ocrx_word' id='word_1_12' title='bbox 1501 377 1502 380; x_wconf 24' lang='lat'>¹</span> 
     </span>
     <span class='ocr_line' id='line_1_3' title="bbox 266 483 1502 574; baseline 0.004 -24"><span class='ocrx_word' id='word_1_13' title='bbox 266 489 396 552; x_wconf 92' lang='lat' dir='ltr'>molitus</span> <span class='ocrx_word' id='word_1_14' title='bbox 423 504 479 554; x_wconf 82' lang='lat' dir='ltr'>est</span> <span class='ocrx_word' id='word_1_15' title='bbox 524 489 573 552; x_wconf 91' lang='lat' dir='ltr'>At</span> <span class='ocrx_word' id='word_1_16' title='bbox 598 493 687 552; x_wconf 92' lang='lat' dir='ltr'>vocis</span> <span class='ocrx_word' id='word_1_17' title='bbox 718 483 813 574; x_wconf 79' lang='grc' dir='ltr'><em>ὅρνις</em></span> <span class='ocrx_word' id='word_1_18' title='bbox 835 511 928 554; x_wconf 90' lang='lat' dir='ltr'>casus</span> <span class='ocrx_word' id='word_1_19' title='bbox 952 490 1101 571; x_wconf 93' lang='lat' dir='ltr'>obliquos</span> <span class='ocrx_word' id='word_1_20' title='bbox 1124 499 1236 573; x_wconf 78' lang='lat' dir='ltr'>po&#39;etas</span> <span class='ocrx_word' id='word_1_21' title='bbox 1259 491 1384 555; x_wconf 90' lang='lat' dir='ltr'>Dorum</span> <span class='ocrx_word' id='word_1_22' title='bbox 1501 501 1502 544; x_wconf 71' lang='grc' dir='ltr'>ἲ</span> 
     </span>
    </p>
   </div>
   <div class='ocr_carea' id='block_1_3' title="bbox 266 586 1502 1904">
    <p class='ocr_par' dir='ltr' id='par_1_3' title="bbox 266 586 1386 860">
     <span class='ocr_line' id='line_1_4' title="bbox 267 586 1385 676; baseline 0.004 -23"><span class='ocrx_word' id='word_1_23' title='bbox 267 611 356 655; x_wconf 90' lang='lat' dir='ltr'>more</span> <span class='ocrx_word' id='word_1_24' title='bbox 380 591 556 654; x_wconf 87' lang='lat' dir='ltr'>declinasse</span> <span class='ocrx_word' id='word_1_25' title='bbox 578 590 845 674; x_wconf 89' lang='lat' dir='ltr'>Simonidemque</span> <span class='ocrx_word' id='word_1_26' title='bbox 867 591 903 655; x_wconf 87' lang='lat' dir='ltr'>sr.</span> <span class='ocrx_word' id='word_1_27' title='bbox 919 607 963 670; x_wconf 86' lang='lat'>40</span> <span class='ocrx_word' id='word_1_28' title='bbox 985 586 1115 676; x_wconf 85' lang='grc' dir='ltr'><em>ὄρνιχες</em></span> <span class='ocrx_word' id='word_1_29' title='bbox 1136 595 1303 676; x_wconf 85' lang='lat' dir='ltr'>scripsisse</span> <span class='ocrx_word' id='word_1_30' title='bbox 1325 594 1385 658; x_wconf 84' lang='lat' dir='ltr'>lor·</span> 
     </span>
     <span class='ocr_line' id='line_1_5' title="bbox 266 689 1386 779; baseline 0.002 -23"><span class='ocrx_word' id='word_1_31' title='bbox 266 695 348 756; x_wconf 88' lang='lat' dir='ltr'>sitan</span> <span class='ocrx_word' id='word_1_32' title='bbox 370 694 552 770; x_wconf 87' lang='lat' dir='ltr'>credideris,</span> <span class='ocrx_word' id='word_1_33' title='bbox 574 713 647 758; x_wconf 91' lang='lat' dir='ltr'>cum</span> <span class='ocrx_word' id='word_1_34' title='bbox 670 695 734 758; x_wconf 88' lang='lat' dir='ltr'>iam</span> <span class='ocrx_word' id='word_1_35' title='bbox 751 692 946 758; x_wconf 89' lang='lat' dir='ltr'>Alcmanem</span> <span class='ocrx_word' id='word_1_36' title='bbox 973 693 1008 758; x_wconf 83' lang='lat' dir='ltr'>ir.</span> <span class='ocrx_word' id='word_1_37' title='bbox 1030 696 1071 776; x_wconf 87' lang='lat'>67</span> <span class='ocrx_word' id='word_1_38' title='bbox 1095 689 1242 779; x_wconf 79' lang='grc' dir='ltr'><em>ὀρνίχων</em></span> <span class='ocrx_word' id='word_1_39' title='bbox 1265 696 1386 758; x_wconf 86' lang='lat' dir='ltr'>dixisse</span> 
     </span>
     <span class='ocr_line' id='line_1_6' title="bbox 266 796 384 860; baseline 0.042 -6"><span class='ocrx_word' id='word_1_40' title='bbox 266 796 384 860; x_wconf 75' lang='lat' dir='ltr'>videas</span> 
     </span>
    </p>

    <p class='ocr_par' dir='ltr' id='par_1_4' title="bbox 267 898 1502 1184">
     <span class='ocr_line' id='line_1_7' title="bbox 351 898 1386 980; baseline 0.002 -20"><span class='ocrx_word' id='word_1_41' title='bbox 351 898 511 962; x_wconf 90' lang='lat' dir='ltr'>Extremo</span> <span class='ocrx_word' id='word_1_42' title='bbox 537 898 611 961; x_wconf 92' lang='lat' dir='ltr'>loeo</span> <span class='ocrx_word' id='word_1_43' title='bbox 634 898 918 962; x_wconf 86' lang='lat' dir='ltr'>commemorarim</span> <span class='ocrx_word' id='word_1_44' title='bbox 936 900 1042 974; x_wconf 88' lang='lat' dir='ltr'>etiam,</span> <span class='ocrx_word' id='word_1_45' title='bbox 1064 919 1105 962; x_wconf 91' lang='lat' dir='ltr'>ne</span> <span class='ocrx_word' id='word_1_46' title='bbox 1122 899 1295 962; x_wconf 87' lang='lat' dir='ltr'>Pindarum</span> <span class='ocrx_word' id='word_1_47' title='bbox 1321 902 1386 980; x_wconf 94' lang='lat' dir='ltr'>qui·</span> 
     </span>
     <span class='ocr_line' id='line_1_8' title="bbox 268 999 1386 1082; baseline -0.001 -18"><span class='ocrx_word' id='word_1_48' title='bbox 268 1001 343 1064; x_wconf 90' lang='lat' dir='ltr'>dem</span> <span class='ocrx_word' id='word_1_49' title='bbox 360 1001 391 1062; x_wconf 92' lang='lat' dir='ltr'>in</span> <span class='ocrx_word' id='word_1_50' title='bbox 406 1001 580 1064; x_wconf 89' lang='lat' dir='ltr'>dialecticis</span> <span class='ocrx_word' id='word_1_51' title='bbox 599 999 710 1064; x_wconf 81' lang='lat' dir='ltr'>formis</span> <span class='ocrx_word' id='word_1_52' title='bbox 728 1002 888 1082; x_wconf 91' lang='lat' dir='ltr'>usurpatis</span> <span class='ocrx_word' id='word_1_53' title='bbox 907 1000 1010 1064; x_wconf 91' lang='lat' dir='ltr'>ubivis</span> <span class='ocrx_word' id='word_1_54' title='bbox 1028 1022 1102 1064; x_wconf 91' lang='lat' dir='ltr'>cum</span> <span class='ocrx_word' id='word_1_55' title='bbox 1120 1002 1234 1064; x_wconf 89' lang='lat' dir='ltr'>ceteris</span> <span class='ocrx_word' id='word_1_56' title='bbox 1252 1002 1386 1066; x_wconf 86' lang='lat' dir='ltr'>choricis</span> 
     </span>
     <span class='ocr_line' id='line_1_9' title="bbox 267 1101 1502 1184; baseline -0.004 -20"><span class='ocrx_word' id='word_1_57' title='bbox 267 1101 389 1169; x_wconf 85' lang='lat' dir='ltr'>secisse.</span> <span class='ocrx_word' id='word_1_58' title='bbox 433 1103 568 1184; x_wconf 85' lang='lat' dir='ltr'>Legitur</span> <span class='ocrx_word' id='word_1_59' title='bbox 589 1105 688 1166; x_wconf 86' lang='lat' dir='ltr'>enim:</span> <span class='ocrx_word' id='word_1_60' title='bbox 1501 1167 1502 1172; x_wconf 8' lang='grc' dir='ltr'>ἵ</span> 
     </span>
    </p>

    <p class='ocr_par' dir='ltr' id='par_1_5' title="bbox 266 1203 1502 1598">
     <span class='ocr_line' id='line_1_10' title="bbox 352 1203 1502 1290; baseline 0.002 -23"><span class='ocrx_word' id='word_1_61' title='bbox 352 1221 391 1286; x_wconf 88' lang='grc'>7.,</span> <span class='ocrx_word' id='word_1_62' title='bbox 418 1205 453 1267; x_wconf 94' lang='lat' dir='ltr'>In</span> <span class='ocrx_word' id='word_1_63' title='bbox 481 1205 527 1268; x_wconf 93' lang='lat' dir='ltr'>lb.</span> <span class='ocrx_word' id='word_1_64' title='bbox 554 1205 588 1268; x_wconf 86' lang='lat' dir='ltr'>fr.</span> <span class='ocrx_word' id='word_1_65' title='bbox 617 1222 658 1282; x_wconf 87' lang='lat'>24</span> <span class='ocrx_word' id='word_1_66' title='bbox 687 1206 796 1287; x_wconf 92' lang='lat' dir='ltr'>stirpis</span> <span class='ocrx_word' id='word_1_67' title='bbox 822 1210 909 1290; x_wconf 77' lang='grc' dir='ltr'><em>μλακ</em></span> <span class='ocrx_word' id='word_1_68' title='bbox 938 1209 978 1286; x_wconf 88' lang='lat' dir='ltr'>(v.</span> <span class='ocrx_word' id='word_1_69' title='bbox 1007 1205 1093 1272; x_wconf 91' lang='lat' dir='ltr'>Curt.</span> <span class='ocrx_word' id='word_1_70' title='bbox 1121 1208 1186 1270; x_wconf 55' lang='grc' dir='ltr'>ΕΗ</span> <span class='ocrx_word' id='word_1_71' title='bbox 1214 1210 1291 1286; x_wconf 86' lang='grc'>456)</span> <span class='ocrx_word' id='word_1_72' title='bbox 1318 1209 1383 1271; x_wconf 92' lang='lat' dir='ltr'>dor.</span> <span class='ocrx_word' id='word_1_73' title='bbox 1501 1203 1502 1228; x_wconf 65' lang='lat'>¹</span> 
     </span>
     <span class='ocr_line' id='line_1_11' title="bbox 266 1303 1386 1391; baseline -0.001 -19"><span class='ocrx_word' id='word_1_74' title='bbox 266 1317 347 1390; x_wconf 88' lang='lat' dir='ltr'>part.</span> <span class='ocrx_word' id='word_1_75' title='bbox 374 1303 555 1391; x_wconf 83' lang='grc' dir='ltr'><em>ἀμβλακών</em></span> <span class='ocrx_word' id='word_1_76' title='bbox 581 1328 725 1370; x_wconf 90' lang='lat' dir='ltr'>consona</span> <span class='ocrx_word' id='word_1_77' title='bbox 751 1311 771 1388; x_wconf 84' lang='grc' dir='ltr'><strong><em>β</em></strong></span> <span class='ocrx_word' id='word_1_78' title='bbox 797 1309 977 1385; x_wconf 81' lang='lat' dir='ltr'>interiecta3</span> <span class='ocrx_word' id='word_1_79' title='bbox 1010 1319 1044 1372; x_wconf 87' lang='lat' dir='ltr'>at</span> <span class='ocrx_word' id='word_1_80' title='bbox 1074 1309 1228 1372; x_wconf 88' lang='lat' dir='ltr'>Pindarus</span> <span class='ocrx_word' id='word_1_81' title='bbox 1259 1329 1386 1390; x_wconf 89' lang='lat' dir='ltr'>semper</span> 
     </span>
     <span class='ocr_line' id='line_1_12' title="bbox 267 1407 1386 1496; baseline 0.005 -24"><span class='ocrx_word' id='word_1_82' title='bbox 267 1411 358 1472; x_wconf 92' lang='lat' dir='ltr'>huius</span> <span class='ocrx_word' id='word_1_83' title='bbox 381 1412 489 1492; x_wconf 90' lang='lat' dir='ltr'>stirpis</span> <span class='ocrx_word' id='word_1_84' title='bbox 512 1409 631 1474; x_wconf 82' lang='lat' dir='ltr'>formas</span> <span class='ocrx_word' id='word_1_85' title='bbox 654 1431 798 1474; x_wconf 86' lang='lat' dir='ltr'>consona</span> <span class='ocrx_word' id='word_1_86' title='bbox 814 1433 841 1476; x_wconf 82' lang='grc' dir='ltr'><em>π</em></span> <span class='ocrx_word' id='word_1_87' title='bbox 862 1413 1032 1474; x_wconf 89' lang='lat' dir='ltr'>instructas</span> <span class='ocrx_word' id='word_1_88' title='bbox 1053 1414 1180 1476; x_wconf 87' lang='lat' dir='ltr'>ascivit:</span> <span class='ocrx_word' id='word_1_89' title='bbox 1204 1407 1386 1496; x_wconf 77' lang='grc' dir='ltr'><em>ἀμπλακών</em></span> 
     </span>
     <span class='ocr_line' id='line_1_13' title="bbox 269 1507 1275 1598; baseline -0.001 -22"><span class='ocrx_word' id='word_1_90' title='bbox 269 1512 308 1576; x_wconf 95' lang='grc' dir='ltr'>Ο.</span> <span class='ocrx_word' id='word_1_91' title='bbox 331 1510 418 1589; x_wconf 90' lang='lat' dir='ltr'>V111,</span> <span class='ocrx_word' id='word_1_92' title='bbox 440 1515 494 1594; x_wconf 78' lang='lat'>673</span> <span class='ocrx_word' id='word_1_93' title='bbox 518 1507 691 1597; x_wconf 64' lang='lat' dir='ltr'>dpatientia</span> <span class='ocrx_word' id='word_1_94' title='bbox 713 1515 856 1594; x_wconf 82' lang='lat' dir='ltr'>saepius3</span> <span class='ocrx_word' id='word_1_95' title='bbox 879 1507 1071 1598; x_wconf 82' lang='grc' dir='ltr'><em>ἀμπλάκιον</em></span> <span class='ocrx_word' id='word_1_96' title='bbox 1093 1514 1126 1576; x_wconf 94' lang='grc' dir='ltr'>Ρ.</span> <span class='ocrx_word' id='word_1_97' title='bbox 1148 1515 1202 1588; x_wconf 89' lang='grc' dir='ltr'>ΧΙ,</span> <span class='ocrx_word' id='word_1_98' title='bbox 1225 1516 1275 1578; x_wconf 88' lang='lat'>26.</span> 
     </span>
    </p>

    <p class='ocr_par' dir='ltr' id='par_1_6' title="bbox 268 1612 1387 1904">
     <span class='ocr_line' id='line_1_14' title="bbox 354 1612 1387 1700; baseline -0.002 -22"><span class='ocrx_word' id='word_1_99' title='bbox 354 1617 390 1690; x_wconf 90' lang='lat'>8.‚</span> <span class='ocrx_word' id='word_1_100' title='bbox 413 1615 449 1676; x_wconf 92' lang='lat' dir='ltr'>In</span> <span class='ocrx_word' id='word_1_101' title='bbox 472 1613 554 1678; x_wconf 86' lang='lat' dir='ltr'>Stes.</span> <span class='ocrx_word' id='word_1_102' title='bbox 578 1614 614 1680; x_wconf 86' lang='lat' dir='ltr'>lr.</span> <span class='ocrx_word' id='word_1_103' title='bbox 632 1629 671 1694; x_wconf 90' lang='lat'>27</span> <span class='ocrx_word' id='word_1_104' title='bbox 690 1612 848 1700; x_wconf 79' lang='grc' dir='ltr'><em>μύῤῥινα;</em></span> <span class='ocrx_word' id='word_1_105' title='bbox 871 1635 931 1696; x_wconf 91' lang='lat' dir='ltr'>pro</span> <span class='ocrx_word' id='word_1_106' title='bbox 954 1636 1019 1696; x_wconf 94' lang='lat' dir='ltr'>quo</span> <span class='ocrx_word' id='word_1_107' title='bbox 1042 1617 1140 1680; x_wconf 90' lang='lat' dir='ltr'>critici</span> <span class='ocrx_word' id='word_1_108' title='bbox 1157 1612 1301 1699; x_wconf 83' lang='grc' dir='ltr'><em>μύρσινα</em></span> <span class='ocrx_word' id='word_1_109' title='bbox 1323 1616 1387 1678; x_wconf 94' lang='lat' dir='ltr'>edi-</span> 
     </span>
     <span class='ocr_line' id='line_1_15' title="bbox 268 1717 1386 1798; baseline 0.002 -20"><span class='ocrx_word' id='word_1_110' title='bbox 268 1719 399 1792; x_wconf 89' lang='lat' dir='ltr'>derunt,</span> <span class='ocrx_word' id='word_1_111' title='bbox 430 1718 463 1780; x_wconf 95' lang='lat' dir='ltr'>id</span> <span class='ocrx_word' id='word_1_112' title='bbox 494 1717 583 1798; x_wconf 93' lang='lat' dir='ltr'>quod</span> <span class='ocrx_word' id='word_1_113' title='bbox 614 1717 765 1797; x_wconf 90' lang='lat' dir='ltr'>equidem</span> <span class='ocrx_word' id='word_1_114' title='bbox 794 1717 958 1798; x_wconf 92' lang='lat' dir='ltr'>improbo:</span> <span class='ocrx_word' id='word_1_115' title='bbox 989 1739 1065 1780; x_wconf 92' lang='lat' dir='ltr'>nam</span> <span class='ocrx_word' id='word_1_116' title='bbox 1090 1718 1266 1782; x_wconf 88' lang='lat' dir='ltr'>Dorienses</span> <span class='ocrx_word' id='word_1_117' title='bbox 1295 1719 1386 1780; x_wconf 91' lang='lat' dir='ltr'>sicuti</span> 
     </span>
     <span class='ocr_line' id='line_1_16' title="bbox 269 1819 1385 1904; baseline 0.003 -23"><span class='ocrx_word' id='word_1_118' title='bbox 269 1819 399 1882; x_wconf 91' lang='lat' dir='ltr'>Atticos</span> <span class='ocrx_word' id='word_1_119' title='bbox 434 1819 557 1882; x_wconf 79' lang='lat' dir='ltr'>litteras</span> <span class='ocrx_word' id='word_1_120' title='bbox 588 1836 629 1902; x_wconf 81' lang='grc' dir='ltr'>ρσ</span> <span class='ocrx_word' id='word_1_121' title='bbox 661 1819 830 1900; x_wconf 91' lang='lat' dir='ltr'>aliquoties</span> <span class='ocrx_word' id='word_1_122' title='bbox 858 1822 889 1882; x_wconf 93' lang='lat' dir='ltr'>in</span> <span class='ocrx_word' id='word_1_123' title='bbox 922 1843 962 1904; x_wconf 81' lang='grc' dir='ltr'>ρρ</span> <span class='ocrx_word' id='word_1_124' title='bbox 992 1821 1186 1884; x_wconf 87' lang='lat' dir='ltr'>assimilasse</span> <span class='ocrx_word' id='word_1_125' title='bbox 1219 1820 1328 1901; x_wconf 82' lang='lat' dir='ltr'>liquet</span> <span class='ocrx_word' id='word_1_126' title='bbox 1357 1841 1385 1884; x_wconf 93' lang='lat' dir='ltr'>v.</span> 
     </span>
    </p>
   </div>
   <div class='ocr_carea' id='block_1_4' title="bbox 268 1920 1502 2006">
    <p class='ocr_par' dir='ltr' id='par_1_7' title="bbox 268 1920 1502 2006">
     <span class='ocr_line' id='line_1_17' title="bbox 268 1920 1502 2006; baseline -0.001 -22"><span class='ocrx_word' id='word_1_127' title='bbox 268 1920 349 1984; x_wconf 89' lang='lat' dir='ltr'>Ahr.</span> <span class='ocrx_word' id='word_1_128' title='bbox 371 1921 408 1998; x_wconf 90' lang='grc' dir='ltr'>ΙΙ,</span> <span class='ocrx_word' id='word_1_129' title='bbox 435 1937 501 1986; x_wconf 87' lang='lat'><em>102.</em></span> <span class='ocrx_word' id='word_1_130' title='bbox 525 1921 612 1984; x_wconf 90' lang='lat' dir='ltr'>Pind.</span> <span class='ocrx_word' id='word_1_131' title='bbox 627 1921 651 2003; x_wconf 91' lang='lat' dir='ltr'>J.</span> <span class='ocrx_word' id='word_1_132' title='bbox 675 1920 762 1998; x_wconf 91' lang='lat' dir='ltr'>Vlll,</span> <span class='ocrx_word' id='word_1_133' title='bbox 784 1923 824 1998; x_wconf 92' lang='lat'>67</span> <span class='ocrx_word' id='word_1_134' title='bbox 844 1942 921 1984; x_wconf 88' lang='lat' dir='ltr'>vero</span> <span class='ocrx_word' id='word_1_135' title='bbox 944 1923 1045 1988; x_wconf 92' lang='lat' dir='ltr'>subst.</span> <span class='ocrx_word' id='word_1_136' title='bbox 1066 1924 1209 2006; x_wconf 77' lang='grc' dir='ltr'><em>μνρσὶνα</em></span> <span class='ocrx_word' id='word_1_137' title='bbox 1232 1931 1282 1986; x_wconf 90' lang='lat' dir='ltr'>est</span> <span class='ocrx_word' id='word_1_138' title='bbox 1303 1942 1386 1986; x_wconf 87' lang='lat' dir='ltr'>usus</span> <span class='ocrx_word' id='word_1_139' title='bbox 1501 1949 1502 1952; x_wconf 40' lang='lat'>¹</span> 
     </span>
    </p>
   </div>
   <div class='ocr_carea' id='block_1_5' title="bbox 267 2275 1388 3382">
    <p class='ocr_par' dir='ltr' id='par_1_8' title="bbox 267 2275 1388 3382">
     <span class='ocr_line' id='line_1_18' title="bbox 355 2275 1388 2361; baseline 0.002 -22"><span class='ocrx_word' id='word_1_140' title='bbox 355 2275 480 2340; x_wconf 92' lang='lat' dir='ltr'>Chorici</span> <span class='ocrx_word' id='word_1_141' title='bbox 503 2285 622 2361; x_wconf 82' lang='lat' dir='ltr'>po&#39;etae</span> <span class='ocrx_word' id='word_1_142' title='bbox 644 2277 744 2340; x_wconf 90' lang='lat' dir='ltr'>multo</span> <span class='ocrx_word' id='word_1_143' title='bbox 768 2280 924 2341; x_wconf 89' lang='lat' dir='ltr'>maiorem</span> <span class='ocrx_word' id='word_1_144' title='bbox 949 2277 1122 2340; x_wconf 91' lang='lat' dir='ltr'>verborum</span> <span class='ocrx_word' id='word_1_145' title='bbox 1151 2277 1388 2360; x_wconf 86' lang='lat' dir='ltr'>figurarumque</span> 
     </span>
     <span class='ocr_line' id='line_1_19' title="bbox 268 2379 1387 2464; baseline -0.003 -21"><span class='ocrx_word' id='word_1_146' title='bbox 268 2382 394 2461; x_wconf 91' lang='lat' dir='ltr'>copiam</span> <span class='ocrx_word' id='word_1_147' title='bbox 419 2400 516 2460; x_wconf 88' lang='lat' dir='ltr'>quam</span> <span class='ocrx_word' id='word_1_148' title='bbox 544 2399 659 2442; x_wconf 91' lang='lat' dir='ltr'>omnes</span> <span class='ocrx_word' id='word_1_149' title='bbox 689 2387 806 2461; x_wconf 77' lang='lat' dir='ltr'>po&#39;etae</span> <span class='ocrx_word' id='word_1_150' title='bbox 831 2382 954 2461; x_wconf 89' lang='lat' dir='ltr'>posteri</span> <span class='ocrx_word' id='word_1_151' title='bbox 984 2383 1130 2464; x_wconf 88' lang='lat' dir='ltr'>exceptis</span> <span class='ocrx_word' id='word_1_152' title='bbox 1158 2379 1387 2444; x_wconf 88' lang='lat' dir='ltr'>Alexandrinis</span> 
     </span>
     <span class='ocr_line' id='line_1_20' title="bbox 268 2481 1386 2564; baseline 0.001 -20"><span class='ocrx_word' id='word_1_153' title='bbox 268 2504 311 2545; x_wconf 90' lang='lat' dir='ltr'>ex</span> <span class='ocrx_word' id='word_1_154' title='bbox 333 2483 455 2561; x_wconf 84' lang='lat' dir='ltr'>ingenti</span> <span class='ocrx_word' id='word_1_155' title='bbox 478 2482 631 2544; x_wconf 89' lang='lat' dir='ltr'>thesauro</span> <span class='ocrx_word' id='word_1_156' title='bbox 654 2483 782 2563; x_wconf 87' lang='lat' dir='ltr'>iugique</span> <span class='ocrx_word' id='word_1_157' title='bbox 813 2483 923 2563; x_wconf 91' lang='lat' dir='ltr'>epicae</span> <span class='ocrx_word' id='word_1_158' title='bbox 951 2485 1059 2564; x_wconf 69' lang='lat' dir='ltr'>poesis</span> <span class='ocrx_word' id='word_1_159' title='bbox 1086 2481 1175 2546; x_wconf 88' lang='lat' dir='ltr'>fonte</span> <span class='ocrx_word' id='word_1_160' title='bbox 1204 2481 1386 2546; x_wconf 88' lang='lat' dir='ltr'>hauserunt.</span> 
     </span>
     <span class='ocr_line' id='line_1_21' title="bbox 267 2584 1386 2668; baseline -0.003 -20"><span class='ocrx_word' id='word_1_161' title='bbox 267 2587 379 2666; x_wconf 91' lang='lat' dir='ltr'>Itaque</span> <span class='ocrx_word' id='word_1_162' title='bbox 397 2586 574 2648; x_wconf 89' lang='lat' dir='ltr'>Hermanni</span> <span class='ocrx_word' id='word_1_163' title='bbox 592 2587 751 2664; x_wconf 87' lang='lat' dir='ltr'>iudicium,</span> <span class='ocrx_word' id='word_1_164' title='bbox 774 2584 1093 2665; x_wconf 85' lang='lat' dir='ltr'>quisundamentum</span> <span class='ocrx_word' id='word_1_165' title='bbox 1109 2585 1257 2648; x_wconf 90' lang='lat' dir='ltr'>choricae</span> <span class='ocrx_word' id='word_1_166' title='bbox 1279 2586 1386 2668; x_wconf 71' lang='lat' dir='ltr'>poesis</span> 
     </span>
     <span class='ocr_line' id='line_1_22' title="bbox 269 2685 1387 2771; baseline -0.002 -21"><span class='ocrx_word' id='word_1_167' title='bbox 269 2709 340 2750; x_wconf 90' lang='lat' dir='ltr'>esse</span> <span class='ocrx_word' id='word_1_168' title='bbox 373 2687 514 2770; x_wconf 88' lang='lat' dir='ltr'>linguam</span> <span class='ocrx_word' id='word_1_169' title='bbox 545 2689 671 2771; x_wconf 89' lang='lat' dir='ltr'>epicam</span> <span class='ocrx_word' id='word_1_170' title='bbox 701 2689 798 2762; x_wconf 89' lang='lat' dir='ltr'>dixit,</span> <span class='ocrx_word' id='word_1_171' title='bbox 834 2708 962 2749; x_wconf 92' lang='lat' dir='ltr'>summo</span> <span class='ocrx_word' id='word_1_172' title='bbox 995 2708 1094 2768; x_wconf 91' lang='lat' dir='ltr'>opere</span> <span class='ocrx_word' id='word_1_173' title='bbox 1128 2685 1220 2750; x_wconf 89' lang='lat' dir='ltr'>valet</span> <span class='ocrx_word' id='word_1_174' title='bbox 1276 2688 1387 2768; x_wconf 90' lang='lat' dir='ltr'>Atque</span> 
     </span>
     <span class='ocr_line' id='line_1_23' title="bbox 268 2785 1387 2870; baseline -0.004 -19"><span class='ocrx_word' id='word_1_175' title='bbox 268 2790 414 2870; x_wconf 88' lang='lat' dir='ltr'>quamvis</span> <span class='ocrx_word' id='word_1_176' title='bbox 442 2785 576 2852; x_wconf 90' lang='lat' dir='ltr'>vocibus</span> <span class='ocrx_word' id='word_1_177' title='bbox 608 2788 676 2852; x_wconf 83' lang='lat' dir='ltr'>sere</span> <span class='ocrx_word' id='word_1_178' title='bbox 707 2809 835 2870; x_wconf 90' lang='lat' dir='ltr'>semper</span> <span class='ocrx_word' id='word_1_179' title='bbox 864 2791 1105 2852; x_wconf 91' lang='lat' dir='ltr'>terminationes</span> <span class='ocrx_word' id='word_1_180' title='bbox 1135 2790 1306 2851; x_wconf 90' lang='lat' dir='ltr'>indiderint</span> <span class='ocrx_word' id='word_1_181' title='bbox 1338 2786 1387 2849; x_wconf 88' lang='lat' dir='ltr'>vel</span> 
     </span>
     <span class='ocr_line' id='line_1_24' title="bbox 269 2891 1387 2973; baseline -0.001 -20"><span class='ocrx_word' id='word_1_182' title='bbox 269 2892 394 2954; x_wconf 90' lang='lat' dir='ltr'>doricas</span> <span class='ocrx_word' id='word_1_183' title='bbox 416 2892 469 2955; x_wconf 95' lang='lat' dir='ltr'>vel</span> <span class='ocrx_word' id='word_1_184' title='bbox 491 2891 638 2966; x_wconf 89' lang='lat' dir='ltr'>aeolicas,</span> <span class='ocrx_word' id='word_1_185' title='bbox 661 2892 693 2952; x_wconf 93' lang='lat' dir='ltr'>in</span> <span class='ocrx_word' id='word_1_186' title='bbox 715 2891 866 2973; x_wconf 84' lang='lat' dir='ltr'>stirpibus</span> <span class='ocrx_word' id='word_1_187' title='bbox 890 2912 946 2954; x_wconf 91' lang='lat' dir='ltr'>eos</span> <span class='ocrx_word' id='word_1_188' title='bbox 970 2893 1100 2954; x_wconf 88' lang='lat' dir='ltr'>nonita</span> <span class='ocrx_word' id='word_1_189' title='bbox 1126 2911 1198 2954; x_wconf 90' lang='lat' dir='ltr'>raro</span> <span class='ocrx_word' id='word_1_190' title='bbox 1221 2893 1387 2954; x_wconf 90' lang='lat' dir='ltr'>retinuisse</span> 
     </span>
     <span class='ocr_line' id='line_1_25' title="bbox 269 2991 1387 3076; baseline -0.004 -18"><span class='ocrx_word' id='word_1_191' title='bbox 269 2994 484 3076; x_wconf 90' lang='lat' dir='ltr'>epicoionicos</span> <span class='ocrx_word' id='word_1_192' title='bbox 508 3014 606 3056; x_wconf 92' lang='lat' dir='ltr'>sonos</span> <span class='ocrx_word' id='word_1_193' title='bbox 630 3001 663 3055; x_wconf 90' lang='lat' dir='ltr'>et</span> <span class='ocrx_word' id='word_1_194' title='bbox 691 2995 904 3074; x_wconf 84' lang='lat' dir='ltr'>cognovimus</span> <span class='ocrx_word' id='word_1_195' title='bbox 928 2993 977 3076; x_wconf 84' lang='lat' dir='ltr'>(cf.</span> <span class='ocrx_word' id='word_1_196' title='bbox 998 2994 1017 3075; x_wconf 78' lang='lat' dir='ltr'>S</span> <span class='ocrx_word' id='word_1_197' title='bbox 1036 3010 1063 3068; x_wconf 90' lang='lat'>2,</span> <span class='ocrx_word' id='word_1_198' title='bbox 1079 2994 1113 3056; x_wconf 91' lang='lat' dir='ltr'><strong>A</strong></span> <span class='ocrx_word' id='word_1_199' title='bbox 1136 3002 1167 3056; x_wconf 91' lang='lat' dir='ltr'>et</span> <span class='ocrx_word' id='word_1_200' title='bbox 1187 2991 1224 3074; x_wconf 88' lang='lat' dir='ltr'>C)</span> <span class='ocrx_word' id='word_1_201' title='bbox 1257 3002 1289 3054; x_wconf 91' lang='lat' dir='ltr'>et</span> <span class='ocrx_word' id='word_1_202' title='bbox 1312 3012 1387 3074; x_wconf 89' lang='lat' dir='ltr'>cog·</span> 
     </span>
     <span class='ocr_line' id='line_1_26' title="bbox 267 3093 1387 3176; baseline -0.002 -19"><span class='ocrx_word' id='word_1_203' title='bbox 267 3116 446 3158; x_wconf 75' lang='lat' dir='ltr'>noscemus</span> <span class='ocrx_word' id='word_1_204' title='bbox 496 3095 579 3157; x_wconf 92' lang='lat' dir='ltr'>Aliis</span> <span class='ocrx_word' id='word_1_205' title='bbox 602 3115 680 3157; x_wconf 93' lang='lat' dir='ltr'>vero</span> <span class='ocrx_word' id='word_1_206' title='bbox 703 3095 734 3176; x_wconf 88' lang='lat' dir='ltr'>in</span> <span class='ocrx_word' id='word_1_207' title='bbox 756 3093 866 3171; x_wconf 89' lang='lat' dir='ltr'>rebus,</span> <span class='ocrx_word' id='word_1_208' title='bbox 892 3097 938 3157; x_wconf 95' lang='lat' dir='ltr'>uti</span> <span class='ocrx_word' id='word_1_209' title='bbox 964 3095 995 3156; x_wconf 93' lang='lat' dir='ltr'>in</span> <span class='ocrx_word' id='word_1_210' title='bbox 1018 3095 1245 3157; x_wconf 90' lang='lat' dir='ltr'>contrahendis</span> <span class='ocrx_word' id='word_1_211' title='bbox 1268 3104 1300 3157; x_wconf 91' lang='lat' dir='ltr'>et</span> <span class='ocrx_word' id='word_1_212' title='bbox 1323 3115 1387 3155; x_wconf 90' lang='lat' dir='ltr'>non</span> 
     </span>
     <span class='ocr_line' id='line_1_27' title="bbox 268 3196 1387 3279; baseline -0.002 -20"><span class='ocrx_word' id='word_1_213' title='bbox 268 3198 494 3260; x_wconf 88' lang='lat' dir='ltr'>contrahendis</span> <span class='ocrx_word' id='word_1_214' title='bbox 510 3197 651 3277; x_wconf 72' lang='lat' dir='ltr'>syllabis</span> <span class='ocrx_word' id='word_1_215' title='bbox 673 3196 845 3260; x_wconf 92' lang='lat' dir='ltr'>Dorismus</span> <span class='ocrx_word' id='word_1_216' title='bbox 867 3196 1069 3260; x_wconf 90' lang='lat' dir='ltr'>choricorum</span> <span class='ocrx_word' id='word_1_217' title='bbox 1090 3196 1291 3279; x_wconf 90' lang='lat' dir='ltr'>temporibus</span> <span class='ocrx_word' id='word_1_218' title='bbox 1314 3215 1387 3259; x_wconf 88' lang='lat' dir='ltr'>curn</span> 
     </span>
     <span class='ocr_line' id='line_1_28' title="bbox 269 3297 1387 3382; baseline -0.004 -19"><span class='ocrx_word' id='word_1_219' title='bbox 269 3301 359 3382; x_wconf 91' lang='lat' dir='ltr'>epica</span> <span class='ocrx_word' id='word_1_220' title='bbox 381 3300 489 3381; x_wconf 90' lang='lat' dir='ltr'>lingua</span> <span class='ocrx_word' id='word_1_221' title='bbox 511 3301 741 3362; x_wconf 89' lang='lat' dir='ltr'>consentiebat.</span> <span class='ocrx_word' id='word_1_222' title='bbox 774 3299 934 3362; x_wconf 90' lang='lat' dir='ltr'>Attamen</span> <span class='ocrx_word' id='word_1_223' title='bbox 956 3299 986 3362; x_wconf 94' lang='lat' dir='ltr'>in</span> <span class='ocrx_word' id='word_1_224' title='bbox 1008 3299 1234 3361; x_wconf 90' lang='lat' dir='ltr'>contrahendis</span> <span class='ocrx_word' id='word_1_225' title='bbox 1256 3297 1387 3378; x_wconf 91' lang='lat' dir='ltr'>syllabis</span> 
     </span>
    </p>
   </div>
   <div class='ocr_carea' id='block_1_6' title="bbox 269 3401 1499 3486">
    <p class='ocr_par' dir='ltr' id='par_1_9' title="bbox 269 3401 1499 3486">
     <span class='ocr_line' id='line_1_29' title="bbox 269 3401 1499 3486; baseline -0.002 -21"><span class='ocrx_word' id='word_1_226' title='bbox 269 3405 378 3486; x_wconf 90' lang='lat' dir='ltr'>epicae</span> <span class='ocrx_word' id='word_1_227' title='bbox 392 3401 518 3483; x_wconf 84' lang='lat' dir='ltr'>linguae</span> <span class='ocrx_word' id='word_1_228' title='bbox 535 3401 723 3483; x_wconf 88' lang='lat' dir='ltr'>praevalere</span> <span class='ocrx_word' id='word_1_229' title='bbox 738 3404 963 3464; x_wconf 89' lang='lat' dir='ltr'>auctoritatem</span> <span class='ocrx_word' id='word_1_230' title='bbox 979 3402 1176 3463; x_wconf 89' lang='lat' dir='ltr'>monendum</span> <span class='ocrx_word' id='word_1_231' title='bbox 1193 3409 1251 3477; x_wconf 89' lang='lat' dir='ltr'>est,</span> <span class='ocrx_word' id='word_1_232' title='bbox 1269 3401 1387 3482; x_wconf 87' lang='lat' dir='ltr'>quippe</span> <span class='ocrx_word' id='word_1_233' title='bbox 1498 3447 1499 3462; x_wconf 28' lang='lat' dir='ltr'>r</span> 
     </span>
    </p>
   </div>
   <div class='ocr_carea' id='block_1_7' title="bbox 268 3501 1352 3585">
    <p class='ocr_par' dir='ltr' id='par_1_10' title="bbox 268 3501 1352 3585">
     <span class='ocr_line' id='line_1_30' title="bbox 268 3501 1352 3585; baseline -0.005 -17"><span class='ocrx_word' id='word_1_234' title='bbox 268 3527 341 3568; x_wconf 89' lang='lat' dir='ltr'>cum</span> <span class='ocrx_word' id='word_1_235' title='bbox 363 3504 437 3567; x_wconf 87' lang='lat' dir='ltr'>illae</span> <span class='ocrx_word' id='word_1_236' title='bbox 459 3525 523 3565; x_wconf 91' lang='lat' dir='ltr'>non</span> <span class='ocrx_word' id='word_1_237' title='bbox 545 3503 727 3566; x_wconf 89' lang='lat' dir='ltr'>coalescant</span> <span class='ocrx_word' id='word_1_238' title='bbox 749 3505 809 3566; x_wconf 90' lang='lat' dir='ltr'>nisi</span> <span class='ocrx_word' id='word_1_239' title='bbox 831 3504 873 3566; x_wconf 91' lang='lat' dir='ltr'>ad</span> <span class='ocrx_word' id='word_1_240' title='bbox 896 3506 1006 3585; x_wconf 93' lang='lat' dir='ltr'>epicae</span> <span class='ocrx_word' id='word_1_241' title='bbox 1028 3503 1155 3583; x_wconf 85' lang='lat' dir='ltr'>linguae</span> <span class='ocrx_word' id='word_1_242' title='bbox 1177 3501 1352 3584; x_wconf 86' lang='lat' dir='ltr'>exemplar.</span> 
     </span>
    </p>
   </div>
   <div class='ocr_carea' id='block_1_8' title="bbox 731 3791 932 3874">
    <p class='ocr_par' dir='ltr' id='par_1_11' title="bbox 731 3791 932 3874">
     <span class='ocr_line' id='line_1_31' title="bbox 731 3791 932 3874; baseline -0.015 -18"><span class='ocrx_word' id='word_1_243' title='bbox 731 3791 854 3874; x_wconf 86' lang='lat' dir='ltr'>Caput</span> <span class='ocrx_word' id='word_1_244' title='bbox 875 3791 932 3854; x_wconf 92' lang='lat' dir='ltr'>IV.</span> 
     </span>
    </p>
   </div>
   <div class='ocr_carea' id='block_1_9' title="bbox 448 3931 1203 3993">
    <p class='ocr_par' dir='ltr' id='par_1_12' title="bbox 448 3931 1203 3993">
     <span class='ocr_line' id='line_1_32' title="bbox 448 3931 1203 3993; baseline -0.007 0"><span class='ocrx_word' id='word_1_245' title='bbox 448 3935 502 3993; x_wconf 85' lang='lat' dir='ltr'>De</span> <span class='ocrx_word' id='word_1_246' title='bbox 525 3935 716 3992; x_wconf 90' lang='lat' dir='ltr'>vocalium</span> <span class='ocrx_word' id='word_1_247' title='bbox 740 3943 930 3991; x_wconf 88' lang='lat' dir='ltr'>concursu</span> <span class='ocrx_word' id='word_1_248' title='bbox 953 3931 1053 3989; x_wconf 88' lang='lat' dir='ltr'>intra</span> <span class='ocrx_word' id='word_1_249' title='bbox 1075 3941 1203 3989; x_wconf 71' lang='lat' dir='ltr'>voces</span> 
     </span>
    </p>
   </div>
   <div class='ocr_carea' id='block_1_10' title="bbox 270 4044 1386 4232">
    <p class='ocr_par' dir='ltr' id='par_1_13' title="bbox 270 4044 1386 4232">
     <span class='ocr_line' id='line_1_33' title="bbox 353 4044 1386 4128; baseline -0.007 -16"><span class='ocrx_word' id='word_1_250' title='bbox 353 4050 452 4112; x_wconf 90' lang='lat' dir='ltr'>Binae</span> <span class='ocrx_word' id='word_1_251' title='bbox 469 4049 598 4112; x_wconf 91' lang='lat' dir='ltr'>vocales</span> <span class='ocrx_word' id='word_1_252' title='bbox 616 4069 636 4109; x_wconf 88' lang='lat' dir='ltr'>a</span> <span class='ocrx_word' id='word_1_253' title='bbox 653 4047 787 4109; x_wconf 90' lang='lat' dir='ltr'>choricis</span> <span class='ocrx_word' id='word_1_254' title='bbox 806 4044 1173 4128; x_wconf 89' lang='lat' dir='ltr'>nonminusraroquam</span> <span class='ocrx_word' id='word_1_255' title='bbox 1189 4044 1231 4106; x_wconf 91' lang='lat' dir='ltr'>ab</span> <span class='ocrx_word' id='word_1_256' title='bbox 1240 4044 1386 4107; x_wconf 91' lang='lat' dir='ltr'>Homero</span> 
     </span>
     <span class='ocr_line' id='line_1_34' title="bbox 270 4145 1386 4232; baseline -0.006 -18"><span class='ocrx_word' id='word_1_257' title='bbox 270 4153 301 4214; x_wconf 93' lang='lat' dir='ltr'>in</span> <span class='ocrx_word' id='word_1_258' title='bbox 317 4173 412 4216; x_wconf 92' lang='lat' dir='ltr'>unam</span> <span class='ocrx_word' id='word_1_259' title='bbox 431 4151 587 4232; x_wconf 90' lang='lat' dir='ltr'>syllabam</span> <span class='ocrx_word' id='word_1_260' title='bbox 601 4157 792 4212; x_wconf 88' lang='lat' dir='ltr'>coartantur.</span> <span class='ocrx_word' id='word_1_261' title='bbox 824 4147 1061 4209; x_wconf 90' lang='lat' dir='ltr'>Contractionis</span> <span class='ocrx_word' id='word_1_262' title='bbox 1074 4167 1153 4209; x_wconf 91' lang='lat' dir='ltr'>vero</span> <span class='ocrx_word' id='word_1_263' title='bbox 1170 4146 1243 4208; x_wconf 93' lang='lat' dir='ltr'>loco</span> <span class='ocrx_word' id='word_1_264' title='bbox 1259 4145 1386 4229; x_wconf 91' lang='lat' dir='ltr'>saepius</span> 
     </span>
    </p>
   </div>
   <div class='ocr_carea' id='block_1_11' title="bbox 0 0 1530 4804">
    <p class='ocr_par' dir='ltr' id='par_1_14' title="bbox 0 0 1530 4804">
     <span class='ocr_line' id='line_1_35' title="bbox 0 0 1530 4804; baseline 0 0"><span class='ocrx_word' id='word_1_265' title='bbox 0 0 1530 4804; x_wconf 95' lang='lat' dir='ltr'> </span> 
     </span>
    </p>
   </div>
  </div>
 </body>
</html>
