3042 4804
650 279 833 342 ..3-

182 429 356 491 carminum
380 449 431 492 res
452 439 614 510 tractaret,
638 432 779 512 linguam
797 453 926 514 quoque
946 436 1087 498 imitatus
1106 445 1310 517 secutusque·

182 539 232 592 est
260 532 463 611 potissimum
495 535 624 613 epicam
657 553 794 614 eamque
828 537 937 616 patriis
974 535 1153 600 Siculorum
1189 538 1299 602 formis

181 634 382 714 temperavit
425 635 540 714 Neque
569 644 678 697 tamen
706 635 769 698 ulla
794 637 938 701 aeolicae
961 638 1089 701 dialecti
1112 643 1246 721 vestigia
1268 643 1298 704 in

181 737 248 797 eius
277 743 463 817 poematum
495 737 682 816 fragmentis
709 740 917 801 inveniuntur.
962 739 1060 821 Quod
1087 763 1165 806 vero
1186 743 1306 823 epicae

180 836 307 916 linguae
328 838 461 899 mitioris
480 839 616 900 Doridis
635 839 754 902 formas
776 841 955 904 admiscere
971 845 1147 918 consuevit,
1169 845 1203 904 id
1222 845 1297 905 mihi

179 941 344 1002 assecutus
367 961 438 1002 esse
463 938 604 1018 videtur,
636 949 671 1004 ut
698 942 869 1006 dialectum
895 953 1032 1018 crearet,
1065 965 1159 1024 quam
1184 944 1308 1008 (iraeci¹

180 1040 378 1102 diversarum
400 1043 570 1122 regionum
599 1041 719 1106 facilius
746 1045 932 1126 intellegere
954 1055 1087 1126 possent
1114 1065 1219 1126 quam,
1235 1068 1298 1128 qua

179 1141 318 1204 Alcman
342 1153 390 1204 est
412 1163 499 1206 usus

268 1244 368 1306 Porro
390 1244 532 1325 Ibycus
554 1243 742 1320 Stesichori,
757 1267 840 1308 ⁴cum
870 1249 994 1328 epicam
1016 1247 1155 1328 linguam
1178 1251 1295 1313 doricis

182 1347 315 1408 mitioris
332 1347 464 1410 Doridis
487 1347 598 1410 formis
619 1357 801 1430 temperare
822 1348 951 1425 soleret,
974 1351 1159 1431 exemplum
1179 1362 1228 1416 est
1250 1372 1297 1416 se·

180 1458 270 1510 cutus
298 1449 454 1530 simulque
481 1453 522 1512 ad
551 1450 719 1514 Alcmanis
746 1471 838 1513 usum
868 1453 1025 1532 respexit,
1056 1473 1129 1514 cum
1161 1455 1297 1517 aeolicas

180 1569 310 1630 quoque
333 1550 452 1614 formas
475 1550 649 1627 nonnullas,
670 1553 701 1614 ni
725 1551 828 1628 fallor,
852 1554 1029 1616 carminum
1051 1573 1183 1618 suorum
1205 1576 1296 1636 argu-

140 1692 147 1700 *
180 1652 296 1714 mentis
318 1654 477 1715 adductus
500 1652 688 1734 'plerumque
711 1655 846 1727 eroticis‚
869 1657 901 1716 in
923 1653 1070 1718 choricae
1092 1676 1168 1718 suae
1190 1659 1297 1738 poesis

180 1753 351 1816 dialectum
373 1757 554 1836 susciperet.
1098 1823 1101 1828 .

264 1857 358 1919 Hanc
388 1878 466 1918 vero
493 1861 577 1920 viam
608 1877 705 1938 quam
732 1857 933 1922 Stesichorus
966 1861 1148 1941 Ibycusque
1177 1861 1269 1942 patei
1285 1893 1305 1908 ··

180 1970 290 2022 cerunt
312 1969 344 2022 et
366 1961 580 2034 muniverunt,
614 1960 730 2022 chorici
758 1961 810 2040 qui
833 1969 949 2040 postea
972 1961 1110 2036 luerunt,
1141 1964 1296 2043 imprimis

179 2058 362 2124 Simonides
384 2061 661 2142 Bacchylidesque
687 2081 751 2124 non
774 2061 975 2142 reliquerunt.
1009 2063 1078 2124 Nec
1101 2064 1203 2126 minus
1225 2064 1296 2126 Pin·

179 2164 274 2226 darus
306 2183 417 2225 eorum
448 2165 500 2244 qui
535 2172 630 2226 antea
659 2162 832 2228 floruerant
862 2164 1063 2228 choricorum
1093 2165 1137 2226 uti
1168 2185 1294 2245 genera,

178 2265 359 2344 rhythmos
380 2267 506 2340 modos,
529 2266 572 2330 ita
587 2265 760 2330 dialectum
778 2275 992 2348 temperatam
1010 2287 1136 2330 summa
1153 2277 1221 2330 arte
1244 2274 1296 2331 est

178 2367 329 2432 imitatus.
374 2366 447 2448 Qua
473 2387 506 2429 re
538 2387 611 2431 earn
639 2369 863 2450 disputationis
890 2369 976 2432 viam
998 2369 1121 2450 ingredi
1144 2371 1303 2438 idoneum}

179 2491 250 2532 esse
271 2474 376 2532 visum
399 2478 456 2544 est,
479 2479 514 2532 ut
531 2489 550 2531 a
568 2469 694 2532 Pindari
717 2470 918 2544 carminibus,
942 2472 1204 2552 quandoquidem
1221 2481 1295 2535 sunt

172 2575 268 2635 etiam
291 2571 392 2634 multo
421 2570 511 2652 plura
537 2591 634 2650 quam
665 2570 847 2651 fragmenta
875 2581 1055 2635 ceterorum
1085 2571 1294 2648 choricorum,

173 2673 417 2756 proficiscamur
438 2673 626 2754 praesertim
650 2693 722 2738 cum
751 2693 857 2736 rerum
885 2691 964 2754 quas
991 2681 1130 2736 tractant
1157 2675 1293 2736 varietas

173 2777 300 2857 saepius
322 2777 363 2837 sit
387 2777 509 2838 eadem.

257 2877 447 2938 Poematum
470 2877 554 2938 enim
578 2895 704 2956 genera,
727 2878 842 2958 quibus
861 2897 911 2938 res
930 2877 1147 2956 materiaeque
1163 2877 1293 2940 definie-

172 2981 299 3060 bantur,
323 2981 410 3060 apud
431 2978 578 3042 choricos
604 2981 734 3042 omnino
762 2999 827 3040 non
855 2977 1016 3053 differunt;
1049 2999 1124 3041 nam
1156 2980 1293 3060 proinde

172 3091 269 3162 atque
289 3081 446 3142 Pindarus
469 3087 718 3161 composuerunt
740 3081 837 3142 ceteri
860 3078 1009 3160 hymnos,
1031 3099 1181 3161 paeanes,
1203 3099 1293 3161 pros·

172 3185 255 3259 odia,
273 3182 449 3264 parthenia,
467 3181 735 3263 hyporchemata,
754 3183 910 3259 encomia,
928 3182 1069 3262 epinicia,
1079 3180 1293 3263 epithalamia,

172 3284 403 3365 dithyrambos,
425 3283 572 3358 threnos
595 3283 699 3346 scolia.
726 3283 842 3364 Neque
863 3292 974 3344 tamen
997 3283 1039 3346 ab
1061 3283 1162 3363 Ibyco
1185 3284 1294 3344 omnia

172 3409 213 3451 ea
243 3406 362 3468 genera
394 3384 523 3448 exculta
554 3405 625 3448 esse
653 3387 805 3450 traditum
836 3394 901 3448 est:
932 3388 990 3448 sed
1022 3385 1173 3466 equidem
1205 3384 1293 3464 quod

171 3490 292 3552 erotica
315 3489 455 3550 carmina
478 3489 709 3549 tantummodo
737 3496 769 3549 et
796 3487 986 3566 legebantur
1008 3494 1040 3548 et
1070 3485 1292 3559 laudabantur,

171 3600 287 3673 utpote
309 3610 392 3670 quae
410 3590 553 3651 omnium
573 3598 679 3651 essent
697 3589 829 3670 optima,
853 3609 891 3651 ea
913 3590 955 3651 de
973 3609 1067 3650 causa
1085 3587 1145 3650 alia
1163 3606 1291 3668 genera,

171 3714 254 3774 quae
276 3711 340 3754 non
363 3693 465 3752 minus
493 3690 644 3766 colebat,
676 3711 742 3756 non
767 3711 838 3752 esse
865 3697 1120 3752 commemorata
1146 3689 1291 3752 arbitror.

171 3797 283 3876 Atque
315 3795 348 3855 id
378 3813 508 3873 quoque
540 3801 648 3874 potest
680 3793 754 3869 dici,
788 3794 884 3856 etiam
917 3791 1036 3854 erotica
1067 3789 1164 3853 fuisse
1193 3792 1292 3852 instar

170 3899 379 3982 hymnorum,
402 3898 630 3972 encomiorum,
654 3894 930 3976 epithalamiorum
953 3895 1148 3975 composita,
1171 3895 1291 3974 quippe

171 4022 255 4084 quae
276 4021 296 4063 a
317 4019 489 4082 puerorum
512 3998 616 4062 choris
639 4007 849 4062 cantarentur.
1305 4063 1307 4068 Ι

256 4103 341 4164 Dein
350 4101 546 4162 monendum
566 4108 616 4162 est
632 4107 747 4182 po'etas
763 4119 898 4180 quorum
917 4098 960 4160 de
977 4096 1116 4160 dialecto
1135 4099 1289 4160 disseram

171 4225 285 4269 omnes
308 4203 520 4284 tripartitione
542 4200 760 4282 stropharum,
783 4220 879 4280 quam
903 4201 967 4262 iam
990 4198 1212 4262 Stesichorum
1235 4197 1288 4278 (τὰ
1315 4262 1320 4272 ,

1106 4300 1121 4332 *

1008 4383 1018 4408 ι
1089 4315 1098 4350 1
