3042 4804
657 261 848 327 -s-

191 447 197 457 ⁴
281 421 470 500 Priusquam
488 439 570 481 vero
583 420 625 482 ad
642 419 832 499 remipsam
850 414 1051 489 accedamus,
1069 415 1317 493 antiquorum

196 522 542 604 grammaticorum
566 539 667 601 quae
683 519 887 582 traduntur
909 517 958 578 de
973 514 1214 577 choricorum
1238 515 1318 578 dia·

197 625 304 686 lecto
326 623 551 686 testimonia
573 622 794 704 perlustranda
815 637 886 681 esse
909 617 1064 684 videntur.

720 790 832 872 ὃς,

286 881 549 977 Vetustissimum
588 911 676 990 quod
713 917 821 972 exstat
858 906 1076 970 testimonium
1112 914 1162 967 est
1192 877 1318 968 Ioannis

197 1015 397 1094 grammatici
426 1033 475 1094 ap:
503 1013 626 1076 Aldum
649 1012 744 1074 Hort.
773 1011 883 1076 Adon.
905 1030 935 1090 p.
959 1026 1019 1089 243
1043 1007 1081 1068 B:
1110 1006 1258 1090 διαφέρει
1282 1007 1318 1072 δε

123 1195 126 1200 Ι
198 1140 218 1200 η
241 1121 311 1183 τῶν
333 1119 479 1200 Κρητῶν
503 1110 694 1192 διάλεκτος,
722 1137 743 1196 η
765 1135 828 1196 περ
850 1112 1007 1196 κέχρηται
1029 1110 1197 1192 Κυψέλας,
1219 1109 1275 1174 καὶ
1298 1106 1318 1194 ἡ

192 1222 270 1282 τῶν
285 1213 473 1298 Λακώνων,
491 1206 873 1301 ᾖκέχρηταιἎλκμιίων,
891 1210 1055 1298 καὶὴτῶν
1064 1211 1318 1295 Συρακουσίων,

198 1309 218 1403 ᾗ
240 1321 398 1403 κέχρηται
425 1315 584 1401 Σώφρων
600 1314 641 1402 ἡ
670 1317 786 1400 μέντοι
813 1309 999 1398 Πινδάρου,
1018 1314 1074 1378 καὶ
1099 1307 1227 1393 Ἰβύκου
1261 1313 1318 1376 καὶ

152 1441 154 1444 ·
199 1420 395 1505 Σιμωνίδου
417 1421 473 1484 καὶ
495 1419 707 1502 Βακχυλίδου
733 1421 907 1492 παντελῶς
934 1411 1064 1481 ἀνεῖται
1075 1419 1096 1488 ⁵)
1125 1413 1180 1482 διὰ
1207 1411 1247 1480 τὸ
1274 1412 1318 1497 μὴ

200 1525 339 1606 Δωριεῖς
361 1517 448 1587 εἶναι
470 1525 511 1604 τῇ
534 1517 632 1602 φύσει
650 1518 731 1596 τοὺς
752 1517 904 1604 ποιητάς,
925 1519 1070 1603 χρῆσθαι
1093 1518 1129 1583 δὲ
1146 1513 1254 1601 μόνον
1277 1521 1318 1599 τῇ

200 1625 348 1704 διαλέξει.

191 1767 203 1799 ·.
284 1726 514 1788 Paene-eadem
526 1725 648 1790 eisdem
665 1726 772 1788 verbis
790 1725 959 1806 proposuit
973 1725 1026 1804 qui
1045 1720 1132 1784 illum
1147 1723 1319 1803 exscripsit

200 1829 375 1909 Gregorius
394 1827 578 1890 Corinthius
596 1849 626 1909 p.
646 1843 746 1907 371·-
752 1843 811 1907 373
837 1824 969 1899 Schaes.‚
993 1826 1051 1888 nisi
1074 1825 1220 1905 quod-
1242 1843 1318 1886 num

198 1930 346 1994 consulto
368 1950 416 1995 an·
432 1929 521 2004 sorte,
544 1915 608 1990 non
632 1931 732 2009 liquet
755 1928 908 2008 -Ibyci
931 1948 1050 1990 nomen
1072 1928 1188 1990 omisit.

287 2033 390 2096 Multo
422 2033 525 2092 minus
560 2030 726 2110 diligenter
752 2029 979 2118 grammaticus
1016 2028 1182 2090 Leidensis
1210 2026 1318 2109 (Greg.

199 2133 270 2200 Cor.
294 2135 344 2200 ed.
361 2131 488 2200 Schacf.
504 2132 578 2212 635)
600 2131 736 2214 profert:
758 2132 912 2217 κέχρηται
937 2129 975 2196 δὲ
998 2125 1084 2212 αὐτῇ
1105 2132 1159 2210 (sc.
1182 2129 1319 2213 Δωρίδι)

195 2230 350 2320 Ἀλκμάν,
371 2236 588 2320 Στησίχορος,
611 2227 750 2315 Ἰβυκος,
772 2232 996 2318 Βακχυλίδης,
1016 2226 1257 2318 Ἐπίχαρμοςῆ
1280 2230 1319 2296 δὲ

177 2337 312 2423 ,χρῆσις
335 2331 438 2421 αὐτῆς
452 2334 538 2401 κατὰ
555 2334 722 2420 διαφορὰν
738 2342 929 2417 θεωρεῖται,
947 2336 1065 2417 quippe
1081 2334 1136 2414 qui
1151 2332 1317 2398 Simonide

199 2450 231 2502 et
253 2439 390 2504 Pindaro
413 2437 506 2518 plane
528 2439 654 2500 omissis
674 2438 810 2518 Ibycum
833 2447 866 2501 et
886 2436 1119 2518 Bacchylidem
1144 2457 1216 2499 cum
1239 2434 1317 2499 Alc·

199 2561 293 2604 mane
315 2550 348 2604 et
369 2540 420 2602 vel
438 2540 634 2621 Epicharmo
656 2541 828 2603 coniunxit.
872 2541 1019 2620 Denique
1043 2537 1159 2601 Suidas
1181 2537 1318 2619 Ibycum

199 2642 318 2726 dionidi
340 2641 503 2724 διαλέκτῳ
525 2661 617 2703 usum
641 2661 712 2703 esse
734 2640 911 2722 profitetur.

282 2744 392 2806 Ioanni
431 2745 525 2823 igitur
560 2743 772 2823 grammatico
813 2744 987 2806 accuratIus
1018 2745 1199 2823 certiusque
1229 2744 1318 2804 testi·

200 2847 342 2908 monium
373 2845 567 2925 antiquitatis
599 2847 640 2908 de
671 2845 871 2910 choricorum
902 2845 1039 2928 dialecto
1071 2846 1216 2910 debetur.
1260 2844 1318 2907 IIle

199 2968 277 3010 vero
308 2948 526 3027 cognitionem
557 2967 648 3010 suam
674 2948 704 3010 ni
737 2946 878 3010 lallorie
905 2947 1090 3029 Tryphonis
1118 2947 1317 3010 alexandrini

199 3049 399 3130 grammatici
422 3057 546 3129 septem
566 3048 720 3111 librorum
735 3051 826 3132 (Περὶ
849 3054 921 3114 τῶν
942 3045 1018 3133 παρ’
1040 3046 1168 3135 Ὁμήρῳ
1190 3048 1317 3114 διαλέκ-

201 3172 273 3216 των
306 3150 362 3214 καὶ
394 3149 568 3234 Σιμωνίδη
598 3151 655 3214 καὶ
686 3147 847 3236 Πινδάρῳ
876 3152 931 3216 καὶ
960 3146 1119 3236 Ἀλκμᾶνι
1155 3152 1211 3215 καὶ
1247 3161 1319 3226 τοῖς

203 3246 317 3328 ἄλλοις
338 3255 497 3336 λυρικοῐς)
518 3251 591 3314 loco
613 3250 729 3326 hausit;
760 3253 847 3315 cuius
879 3273 960 3335 opus
990 3254 1079 3334 quod
1104 3255 1195 3335 periit
1222 3252 1318 3315 valde

201 3364 251 3416 est
275 3353 457 3415 dolendum.

287 3453 423 3516 Ioannes
454 3475 532 3517 vero
562 3473 697 3535 gramm.
724 3475 820 3536 quam
846 3459 1019 3533 παντελῶς
1045 3451 1221 3542 ἀνειμένην
1244 3451 1317 3520 διοί-

201 3562 323 3622 λεκτον
346 3557 497 3632 nominat,
520 3557 548 3618 ei
571 3556 647 3619 alias
670 3560 714 3639 (p.
743 3573 799 3638 301
831 3559 869 3624 cl.
893 3559 988 3640 Greg.
1017 3557 1089 3621 Cor.
1121 3575 1156 3621 12
1181 3555 1320 3638 Schaef.)

200 3661 316 3744 κοινῆς
342 3659 393 3720 vel
420 3660 598 3720 communis
625 3679 743 3721 nomen
769 3659 891 3724 indidit.
937 3658 1034 3723 Cuius
1061 3660 1149 3722 verbi
1184 3653 1316 3748 ‘xorviy'

201 3759 467 3841 significationem
484 3760 648 3841 explicans
667 3760 922 3842 splendidissime
937 3762 979 3852 de
993 3761 1175 3824 Pindaricae
1192 3760 1318 3825 dialecti

272 3997 293 4063 5)
312 3999 401 4048 Lectio
422 3999 478 4048 cod.
504 3992 615 4051 ἀνεῖται
639 4000 700 4062 (non
724 3993 882 4066 ἀγνοεῖται)
905 4002 1065 4053 confirmatur
1087 4003 1186 4052 scholio
1208 3999 1315 4052 Theocr.

200 4069 238 4117 ui.
258 4067 269 4115 1
287 4071 321 4127 (v.
340 4067 403 4116 nur.
421 4067 453 4114 ae
471 4066 539 4115 dian.
559 4065 592 4128 11,
617 4076 630 4128 5
650 4083 673 4115 n.
694 4065 730 4128 ηε
753 4077 854 4136 χρηιαι
877 4063 893 4121 ο
914 4067 946 4120 θ.
963 4065 1091 4130 μάλιστα
1113 4063 1233 4134 avenn
1269 4069 1319 4122 καί

199 4132 335 4202 χθαμαλῄ
355 4133 469 4202 Δωρίδι.
500 4132 657 4197 Παντελῶς
674 4129 786 4187 ἀνεῖται
805 4151 865 4186 vero
885 4137 1044 4200 sIgnificare:
1063 4153 1165 4201 prorsus
1184 4144 1220 4186 est
1235 4087 1320 4188 Iibera

203 4205 219 4256 i.
241 4219 263 4252 e.
283 4203 365 4252 soluta
383 4203 452 4251 omni
470 4202 571 4251 vinculo
589 4197 731 4270 ἰδιότητος
749 4213 869 4271 τοπικῆς
887 4205 936 4254 iam
956 4205 1075 4257 Schnefer
1093 4213 1159 4255 recte
1178 4206 1247 4256 vidit.
