3042 4804
718 250 929 310 „44-

266 401 349 466 Stes
371 420 393 480 4
414 397 608 485 χειροβρώς;
631 400 709 466 Sim.
737 418 773 464 12
795 411 914 485 χεῖρας,
941 417 976 482 17
997 406 1131 486 χειρῶν,
1154 405 1213 466 sed
1238 419 1277 483 37
1300 403 1386 486 χέρα.
1493 387 1494 456 l

263 505 404 569 Timocr.
425 521 436 566 1
456 509 573 583 ξεῖνος.
594 537 635 552 -·-
653 502 731 566 Sim.
751 519 799 584 37,
822 519 840 584 7
858 500 1008 587 δούρατι,
1033 518 1069 584 53
1088 505 1198 589 dovph
1222 502 1259 566 cs.
1279 503 1386 568 Alcm.

262 608 303 669 68
326 606 432 688 δουρί.
476 605 631 668 Pindarus
662 605 764 668 habet
795 615 828 668 et
849 606 949 688 δουρί
979 615 1012 668 et
1037 605 1128 690 δορὶς
1158 627 1188 669 v.
1220 605 1315 670 Peter
1335 623 1386 681 42.

263 707 340 771 Sim.
359 711 398 771 18
417 701 562 791 οὔρειος;
578 706 617 772 cl.
637 707 726 772 Pind.
740 707 765 787 J.
784 706 842 782 Vl,
866 723 904 787 32
929 700 1030 791 οὔρεϊ.
1049 743 1090 756 -
1105 712 1213 792 κοῦρα
1227 705 1315 770 Stes.
1337 710 1387 782 18,

266 827 302 889 35
329 809 442 889 (altero
465 810 538 872 loco
561 809 657 872 codd.
680 809 710 871 R
733 809 768 871 V
790 805 897 894 κόρα),
927 807 975 874 Ib.
993 827 1028 889 93
1054 821 1104 889 153
1127 819 1159 874 at
1172 804 1259 892 κόρα
1273 808 1322 874 lb.
1335 821 1386 888 45,

263 911 391 974 Telesil.
413 912 500 987 Las.;
523 911 699 994 κουριδίαν
718 909 802 974 Stes.
822 914 1036 994 8.-κοῦρος
1052 909 1130 973 Sim.
1150 925 1200 991 75,
1214 909 1341 990 Licym.
1361 925 1388 989 3,

263 1028 295 1076 at
308 1010 433 1096 κόρους
440 1013 488 1078 Ib.
509 1016 547 1076 16
565 1011 729 1092 (Diodorl3
748 1013 844 1078 codd.
860 1009 1025 1096 κούρους).
1044 1045 1085 1060 --
1102 1011 1228 1097 μοῦνοςΙ
1246 1009 1331 1076 Stes.
1348 1027 1364 1090 3
1370 1025 1384 1090 5

262 1115 398 1192 (cod'R
420 1112 544 1199 μόνης),
575 1114 690 1177 Bacch.
715 1115 765 1189 26,
793 1114 935 1176 Timocr.
959 1132 988 1195 3,
1016 1117 1050 1177 at
1070 1110 1176 1198 μόνος
1197 1113 1314 1176 Bacch.
1338 1125 1386 1192 25,
1495 1107 1496 1138 ¹

262 1216 403 1282 Timocr.
420 1233 448 1296 3,
467 1216 551 1280 Prat.
568 1215 592 1291 1,
616 1220 643 1280 8.
662 1251 704 1262 —
722 1215 837 1279 Bacch.
858 1233 899 1296 34
914 1219 1045 1292 νοῦσος,
1065 1233 1103 1296 33
1125 1210 1228 1291 oddae
1245 1215 1276 1278 in
1297 1213 1387 1296 opica

262 1317 397 1380 formula
419 1312 474 1383 ἐπὶ
496 1314 616 1383 λάϊνον
640 1312 755 1382 οὐδόν.
793 1317 964 1380 Pindarum
988 1319 1107 1398 pariter
1128 1318 1159 1378 in
1182 1317 1231 1379 his
1254 1317 1386 1398 aliisque

262 1421 398 1481 vocibus
430 1419 587 1508 similibus
618 1441 676 1502 per
705 1422 791 1482 vices
819 1429 852 1482 et
876 1421 968 1500 epica
995 1429 1028 1482 et
1053 1420 1165 1482 dorica
1191 1437 1285 1481 usum
1315 1439 1386 1481 esse

257 1520 366 1582 forma
389 1531 525 1603 apparet
548 1542 591 1594 ex
614 1521 772 1602 exemplis
796 1542 814 1583 a
836 1520 952 1584 Petero
974 1542 1005 1602 p.
1031 1535 1067 1601 17
1091 1521 1203 1583 allatis.
1326 1549 1329 1580 ;

349 1621 434 1704 Quin
457 1624 555 1686 etiam
577 1623 609 1684 in
631 1643 694 1685 una
712 1623 892 1703 eademque
914 1643 996 1686 voce
1019 1609 1139 1686 chorici
1161 1623 1297 1686 duarum
1321 1623 1386 1684 dia·
1496 1617 1497 1620 '

263 1723 419 1786 lectorum
456 1726 586 1805 propria
617 1723 832 1798 inculcabant,
864 1732 898 1786 ut
920 1723 1009 1786 Pind.
1042 1725 1078 1788 P.
1100 1723 1157 1799 III,
1189 1737 1241 1803 5²3
1271 1723 1313 1798 X,
1345 1724 1386 1799 64

263 1821 436 1910 προοανής
463 1827 658 1906 (semidor.);
685 1826 722 1888 P.
745 1826 768 1905 Ι,
791 1827 813 1888 6
832 1819 1238 1908 χαλάξαις-(ἀστακοὶ),
1261 1823 1299 1886 al.
1343 1824 1386 1886 Et

161 1962 163 1967 -
262 1927 326 1988 iam
342 1925 483 1988 Alcman
506 1926 587 1990 tales
611 1947 707 1990 voces
730 1926 886 2007 hybridas
909 1927 1033 2007 fingere
1055 1937 1189 1989 conatus
1212 1941 1278 1989 est:.
1295 1925 1334 1990 cs.
1351 1925 1366 1987 f
1379 1971 1385 1988 .
1497 1919 1498 1926 '

263 2031 301 2107 83
325 2027 609 2112 οαλασοομέδοισα
632 2028 847 2110 (laconaeol.).

347 2131 497 2212 Denique
529 2133 687 2193 disseram
719 2132 761 2192 de
794 2129 874 2194 Sim.
907 2129 942 2194 ir.
966 2144 1025 2210 235
1060 2126 1243 2212 αἰριπόλιοι
1276 2127 1384 2212 δμωαί

262 2234 387 2310 (codd).
439 2232 549 2314 Bergk
581 2229 751 2316 αἰριπόλοι
781 2232 906 2312 scripsit
936 2232 1111 2313 professus
1137 2233 1280 2294 doricam
1312 2249 1384 2293 esse

263 2333 400 2396 sormam
422 2355 482 2416 pro
511 2330 684 2418 εἰρεπόλοι.
728 2333 844 2414 Neque
874 2343 984 2395 tamen
1010 2336 1178 2415 quisquam
1206 2333 1312 2398 adhuc
1338 2335 1382 2394 in-

261 2437 392 2516 dagavit
408 2435 545 2498 formam
561 2434 672 2518 olpcov
687 2456 747 2517 pro
766 2433 867 2518 ἔριον,
883 2443 965 2515 quae
982 2435 1069 2498 haud
1084 2438 1151 2498 scio
1166 2457 1207 2498 an
1224 2455 1382 2515 nusquam

261 2540 291 2599 in
315 2537 460 2601 dialectis
479 2539 595 2600 doricis
614 2538 781 2602 exstiterit.
816 2538 928 2618 Atque
946 2537 1274 2611 etiamsiexstitisset,
1292 2536 1382 2600 nullo
1499 2623 1500 2626 Ἴ

260 2645 356 2722 pacto
380 2639 537 2703 Simonidi
559 2641 698 2705 tribuam
722 2641 775 2720 qui
798 2660 838 2701 ne
866 2638 899 2703 ui
926 2640 1057 2719 quidem
1084 2639 1274 2721 particulam
1296 2641 1382 2702 dori·

262 2762 334 2803 cam
366 2751 397 2805 et
428 2742 602 2824 aeolicam,
640 2761 722 2823 quae
752 2741 804 2803 vel
835 2741 943 2821 epicae
967 2740 1095 2822 linguae
1122 2747 1171 2804 est
1206 2741 1381 2814 notissima,

260 2841 397 2904 dialecto
427 2864 504 2906 suae
535 2843 646 2925 aptam
677 2863 748 2906 esse
781 2842 997 2905 existimabat.
1049 2841 1157 2924 Quare
1193 2842 1272 2923 epic
1304 2840 1381 2924 εἰρι-

259 2939 361 3009 uolo
392 2943 440 3023 (cf.
469 2949 506 3020 Γ,
538 2948 597 3026 387
628 2941 832 3028 εἰροκόμος),
868 2951 952 3006 cum
969 2946 1073 3008 minus
1105 2964 1202 3024 quam
1233 2943 1380 3006 Lobecki

258 3046 360 3124 (Path.
383 3046 432 3108 El.
454 3047 478 3123 I,
508 3049 579 3127 304)
603 3042 754 3130 ἐρικόλοι
785 3067 804 3108 a
834 3045 951 3106 tradita
977 3046 1138 3128 scriptura
1164 3046 1302 3121 recedat,
1331 3043 1378 3108 Si·

260 3149 380 3210 monidi
402 3150 604 3212 reddendum
630 3168 703 3211 esse
725 3147 871 3210 arbitror.
914 3149 966 3210 De
994 3147 1187 3210 formatione
1214 3144 1379 3229 εἰριπόλοι

258 3269 317 3330 pro
341 3247 527 3332 εἰριοπόλοι
550 3251 633 3313 dixit
652 3249 787 3313 Lobeck
808 3248 828 3315 l.
851 3271 876 3315 c.

343 3352 379 3414 ΙΙ.
424 3353 513 3416 Pind.
537 3352 570 3416 P.
599 3353 635 3426 ll,
666 3368 704 3433 77
735 3361 768 3414 et
789 3351 904 3415 Bacch.
934 3370 975 3432 34
1000 3353 1060 3414 adi.
1083 3353 1162 3433 epic.
1184 3351 1295 3428 ἴκελος
1316 3373 1377 3434 pro

257 3454 379 3533 vulgari
402 3451 530 3530 εἴκελος
551 3455 754 3535 scripserunt.

342 3554 395 3616 Ill.
440 3552 520 3616 Cum
544 3554 680 3618 Pindaro
707 3557 927 3637 conspirantes
955 3557 1075 3619 chorici
1098 3575 1228 3638 semper
1250 3556 1376 3637 epicum

257 3677 285 3721 v.
315 3654 379 3720 ἵκω
395 3659 538 3736 eiusque
566 3658 723 3732 derivata,
750 3678 912 3738 nunquam
935 3649 1007 3744 ἥκω
1029 3667 1216 3739 posuerunt:
1247 3657 1332 3721 Stes.
1357 3661 1375 3720 8

257 3753 425 3839 ἀφίκοιτο,
441 3760 482 3820 26
499 3755 583 3833 ἵκεο,
603 3757 680 3821 Sim.
701 3761 743 3836 48
761 3755 865 3838 ἵκετο,
885 3761 926 3839 36
948 3761 1110 3838 ἐξίκοντο,
1135 3763 1173 3840 58
1191 3757 1311 3844 ἵκηται,
1335 3761 1375 3838 38

257 3859 410 3935 lausiaca
434 3860 546 3923 Bacch.
571 3875 587 3938 3
612 3858 788 3925 ἱκνεῖσθαι.

298 3984 301 3996 ¹
341 3962 396 4026 IV.
440 3961 562 4024 Notatu
585 3962 683 4041 digna
705 3970 755 4024 est
775 3963 866 4043 epica
884 3960 987 4025 sorma
1011 3964 1071 4028 adi.
1095 3960 1232 4039 κενεόςε-
1249 3963 1327 4028 Sim.
1348 3978 1374 4043 5,

260 4083 311 4141 14;
335 4080 384 4145 75,
407 4066 517 4145 adesp.
542 4067 583 4143 98
606 4067 749 4144 itemque
771 4085 821 4146 ap.
841 4065 929 4127 Pind.
953 4075 1081 4146 praeter
1096 4066 1232 4129 alteram
1249 4068 1374 4148 epicam

255 4190 373 4240 κεινος.
