3042 4804
732 243 946 304 ..23-

540 547 582 596 De
601 546 718 596 dorismis
737 547 761 595 in
781 547 851 596 libris
869 547 1002 596 manifeste
1020 547 1123 597 traditis.

364 649 395 723 l.‚
418 647 574 710 Doricam
604 655 890 728 pervetustamque
920 646 1009 709 illam
1039 647 1299 710 terminationem
1330 669 1397 711 ver-

277 750 385 814 balem
410 767 437 830 3.
460 749 502 832 pl.
524 758 709 834 temporum
731 751 957 830 primariorum
980 772 1077 814 -urr
1099 750 1196 812 valde
1219 759 1307 812 amat
1329 749 1397 813 Pin-

278 853 374 915 darus
406 872 481 914 usus
504 850 617 914 formis
641 851 795 934 φέροντι,
825 851 1005 936 τηρέωντι,
1030 851 1115 930 ἐντί,
1138 853 1255 934 φαντί,
1291 852 1396 914 multis

277 953 356 1017 aliis
399 955 434 1017 In
461 964 643 1016 ceterorum
672 951 860 1034 fragmentis
890 953 1091 1035 reperiuntur
1119 953 1271 1035 exempla
1302 955 1397 1017 haec:

200 1059 208 1078 ⁹
278 1054 355 1120 Sim.
380 1070 417 1136 57
441 1051 622 1138 θραύοντι,
645 1055 760 1116 Bacch.
788 1072 834 1135 13,
862 1071 896 1118 12
924 1055 1093 1138 βρίθοντι,
1123 1055 1262 1118 Timocr.
1288 1074 1304 1136 3
1328 1056 1397 1122 ἐντὶ

277 1159 358 1236 (bis),
381 1179 424 1221 ex
446 1157 561 1238 quibus
585 1157 688 1218 elucet
712 1157 911 1220 choricorum
935 1177 1117 1220 consensus.

363 1259 409 1333 11..
439 1258 681 1339 Coniugationis
714 1259 745 1320 in
772 1283 847 1343 -μι
881 1275 908 1337 3.
940 1280 988 1340 sg.
1019 1280 1123 1342 praes.
1155 1269 1215 1322 act.
1243 1259 1397 1322 Pindarus

278 1363 383 1441 (Peter
405 1363 458 1436 62;
485 1363 539 1440 65)
560 1371 687 1442 praeter
716 1361 882 1444 vulgarem
905 1380 980 1426 -σι
1014 1364 1111 1424 etiam
1134 1371 1277 1424 veterem
1300 1381 1397 1442 quam

278 1464 387 1544 lingua
409 1464 549 1525 servavit
572 1463 691 1526 Dorica
713 1463 887 1526 clausulam
913 1488 986 1529 -τι
1014 1465 1045 1525 in
1067 1486 1095 1527 v.
1120 1462 1230 1548 ἐφίητι
1253 1463 1285 1546 (J
1308 1461 1344 1538 Il,
1366 1469 1397 1544 9)

278 1567 431 1630 adiunxit.
476 1567 593 1647 Aeque
615 1564 694 1630 Sim.
727 1567 763 1628 18
795 1565 920 1640 δίδωτι,
947 1566 1006 1628 sed
1033 1564 1115 1629 Stes.
1139 1579 1176 1646 35
1201 1567 1317 1649 τίθησι
1347 1565 1397 1644 (cf.

278 1667 367 1730 Pind.
390 1668 422 1733 P.
445 1669 482 1744 11,
506 1671 556 1748 10)
580 1677 612 1730 et
635 1668 748 1731 Bacch.
777 1685 818 1746 24
847 1664 914 1753 ἵησι
937 1669 993 1749 (ob
1023 1688 1152 1730 causam
1175 1668 1302 1749 saepius
1325 1688 1396 1749 pro·

278 1770 387 1851 latam)
411 1772 570 1832 dixerunt.

364 1871 425 1946 111„
452 1871 505 1934 Ex
527 1871 652 1935 Doride
682 1881 851 1954 praeterea
880 1874 1150 1954 deprompserunt
1179 1871 1298 1934 chorici
1325 1893 1396 1954 pro-

278 1973 444 2036 nominum
466 1973 682 2056 personalium
706 1973 825 2037 formas
847 1973 920 2038 has:

367 2093 400 2152 1.,
431 2097 521 2158 pron.
547 2093 573 2138 2.
600 2098 683 2158 pers.
711 2098 797 2139 nom.
827 2073 870 2142 τύ
901 2085 933 2138 et
961 2078 1024 2139 dat.
1053 2078 1109 2142 τίν
1138 2076 1227 2139 Pind.
1254 2099 1283 2143 v.
1306 2078 1399 2140 Peter

277 2196 320 2258 49
335 2200 395 2260 sq.;
419 2180 493 2241 dein
511 2199 597 2240 nom.
617 2175 697 2263 τύγε
719 2188 769 2242 ter
787 2179 927 2242 Timocr.
954 2196 978 2254 1,
1001 2181 1055 2259 qui
1073 2180 1105 2240 in
1120 2182 1258 2260 genuina
1276 2179 1399 2243 Doride

277 2277 363 2364 τύγα
393 2279 618 2361 proferebatur
649 2279 741 2360 (Ahr.
774 2281 812 2355 II,
845 2283 926 2361 248).
986 2279 1060 2344 Dat.
1092 2282 1147 2346 τοί
1155 2333 1164 2360 ‚
1201 2284 1254 2362 qui
1286 2283 1397 2344 dorico

278 2390 405 2462 aequat,
428 2403 470 2445 ex
490 2385 580 2464 epica
603 2381 881 2464 linguachoricos
894 2385 1120 2464 ‘assumpsisse
1142 2385 1228 2446 credi
1251 2383 1331 2448 licet.

364 2501 401 2559 2.,
424 2506 514 2566 pron.
533 2503 565 2566 3.
587 2507 671 2568 pers.
694 2506 759 2548 acc.
782 2505 829 2567 sg.
846 2487 900 2549 νίν
918 2485 963 2546 Ib.
980 2501 1012 2560 23
1036 2502 1088 2562 225
1107 2485 1223 2548 Bacch.
1246 2503 1287 2566 29
1309 2486 1397 2548 Pind.

277 2587 476 2670 (saepissime
503 2581 592 2651 iuxta
617 2589 695 2672 μίν).
745 2587 829 2670 Quin
855 2589 953 2650 etiam
978 2608 1038 2668 pro
1067 2607 1134 2652 acc.
1161 2587 1202 2670 pl.
1229 2588 1283 2652 νίν
1310 2609 1397 2650 usur·

276 2711 371 2771 passe
380 2689 496 2752 Bacch.
516 2691 564 2770 (fr.
584 2691 616 2771 8)
635 2700 667 2752 et
682 2691 773 2752 Pind.
793 2690 840 2768 (fr.
860 2694 888 2769 3)
907 2687 1102 2771 Apollonius
1120 2689 1220 2770 Dysc.
1243 2689 1285 2752 de
1307 2711 1397 2773 pron.

278 2793 339 2870 368
362 2791 396 2852 A
420 2793 524 2853 docet.
560 2792 719 2872 Attamen
742 2811 760 2852 e
784 2790 924 2853 frustulis
947 2811 1030 2872 quae
1053 2792 1203 2874 apposuit
1225 2789 1301 2854 nihil
1320 2794 1397 2855 certi

277 2892 424 2954 concludi
446 2901 569 2974 potest;
593 2913 691 2973 quare
713 2892 751 2954 lis
775 2903 832 2968 est,
855 2903 962 2956 utrum
984 2893 1064 2955 illius
1087 2895 1288 2974 grammatici
1310 2897 1396 2956 testi-

277 2995 386 3056 monio
409 2993 508 3058 fidem
526 2995 647 3058 habere
670 2995 848 3057 debeamus
871 3016 979 3059 necne.

360 3095 426 3173 lv„
448 3097 551 3180 Apud
568 3097 741 3159 Pindarum
762 3097 911 3180 vulgares
934 3097 1057 3160 formae
1078 3095 1306 3179 particularum
1330 3088 1397 3172 ὅτε,
1501 3131 1502 3180 j

276 3193 367 3276 τότε,
389 3199 475 3264 ποτέ
496 3208 557 3261 etc.
580 3200 679 3279 vulgo
702 3199 857 3280 leguntur,
884 3200 933 3262 bis
956 3208 1079 3262 tantum
1103 3199 1212 3262 dorica
1234 3196 1324 3264 τόκα
1347 3197 1396 3276 (O.
1501 3187 1502 3198 ³

277 3297 335 3378 Vl,
358 3301 400 3362 66
422 3309 455 3363 et
476 3301 515 3364 N.
538 3301 594 3375 VI,
621 3303 679 3376 10);
710 3303 796 3382 apud
823 3302 959 3382 Ibycum
986 3300 1088 3364 semel
1116 3292 1179 3365 ὅκα
1206 3300 1254 3379 (fr.
1276 3306 1317 3383 4).
1361 3302 1397 3364 In

276 3411 458 3464 ceterorum
481 3403 683 3464 choricorum
707 3403 894 3485 fragmentis
917 3423 1000 3464 nunc
1026 3423 1092 3464 non
1114 3403 1316 3465 inveniuntur
1337 3403 1397 3466 nisi

276 3505 438 3586 vulgares:
474 3502 551 3566 Sim.
573 3522 611 3582 41
646 3501 738 3581 τότε,
771 3523 824 3587 32;
857 3513 895 3586 36
919 3505 1011 3581 ποτέ,
1043 3505 1159 3569 Bacch.
1193 3508 1234 3586 36
1265 3499 1397 3581 ἄλλοτε,

276 3605 359 3670 Stes
385 3620 442 3686 35;
476 3620 514 3686 52
541 3607 634 3672 ποτέ.
664 3608 737 3670 Huc
765 3610 861 3670 etiam
889 3605 1055 3670 referenda
1081 3616 1130 3670 est
1157 3607 1396 3671 Timocreontis

275 3707 379 3771 forma
400 3706 479 3792 τύγε
501 3730 561 3790 pro
584 3706 677 3794 τύγα.

361 3808 567 3886 V.,Tametsi
576 3811 647 3874 illos
656 3833 717 3875 sex
726 3811 897 3874 infinitivos
908 3812 939 3874 in
948 3814 1016 3882 ..ᾗ
1025 3809 1397 3896 desinenteszyupaiev23)

344 3979 376 4043 ²³)
394 3981 504 4031 Alcman
531 3989 612 4031 utrum
641 3983 748 4031 subinde
771 3987 795 4032 et
819 3983 871 4030 inff.
894 3987 1021 4047 correptos
1040 3983 1065 4031 in
1089 3967 1157 4034 -ἷύ
1179 3999 1211 4032 an
1234 3997 1335 4046 semper
1357 3983 1395 4032 la·

277 4051 379 4099 conicos
398 4051 423 4099 in
444 4077 475 4086 -
493 4067 527 4117 ην
545 4075 578 4086 --
601 4051 627 4098 id
646 4051 715 4114 quod
732 4051 795 4100 mihi
813 4051 970 4114 probabilius
994 4067 1048 4100 esse
1075 4051 1225 4100 videtur-
1243 4051 1395 4110 adhibuerit,

274 4119 406 4167 diiudicari
425 4134 475 4167 non
494 4125 585 4182 potest,
605 4134 662 4166 cum
681 4126 786 4167 metrum
806 4134 927 4182 nusquam
947 4125 1086 4183 correptam
1105 4119 1201 4182 flagitet
1219 4118 1354 4183 syllabam.
1370 4135 1395 4167 v.

274 4183 362 4250 Spiess
379 4185 452 4237 stud.
472 4188 505 4252 X,
524 4185 587 4248 348;
606 4185 664 4250 356.
