3042 4804
697 221 909 282 ..26-

240 397 422 451 attenuatur
444 388 493 467 (cs.
509 385 620 472 ἵξομαι
642 398 674 452 et
698 385 845 474 ἕζομαιο
864 398 903 452 st.
926 385 972 468 ἕδ,
994 387 1077 454 λλλω
1095 398 1128 452 et
1143 385 1241 468 ὲλύιο,
1264 389 1363 456 sillan

241 499 320 552 ast.
343 485 426 573 Fato.
451 490 511 553 alia
533 511 609 554 cxx.
634 512 663 552 v.
689 489 814 554 Curtius
837 490 904 554 Et.⁴
927 506 984 570 701
1012 494 1078 571 sq.).

326 591 409 656 Cum
438 612 536 674 porro
564 591 747 672 Hesychius
775 599 900 674 glossas
928 591 1130 674 diphthongo
1156 597 1182 664 ε’,
1204 593 1362 674 insignes:

164 782 168 791 Ι
241 693 358 779 εἲληθι·
380 692 477 769 ἵλεως
498 693 595 777 γίνου
617 703 649 756 et
672 693 760 780 εἰλῆς
782 689 822 759 εἰ·
842 691 939 769 ἵλεως
962 689 991 758 εἷ
1008 695 1027 758 i.
1051 715 1076 756 e.
1100 693 1213 777 ελλησι·
1230 685 1363 778 λ’λεοοςῇ

240 806 355 876 servet,
373 795 460 858 nulla
475 793 662 858 difficultate
681 795 858 858 formantur
873 815 892 857 a
909 806 947 858 st.
964 799 1032 862 οελ
1043 791 1100 880 ΙΓ“οι;
1121 797 1217 860 aeol.
1236 794 1363 874 ἔλλαθι,

241 896 370 976 ἐ’λλατε,
398 896 511 972 ἰ’λλαος
538 899 618 976 (voc.
649 921 664 962 ε
691 900 722 958 in
751 922 762 961 ι
789 903 973 976 attenuata).
1002 902 1072 962 ion.
1099 899 1223 984 ελληθι,
1251 891 1362 980 ὲῖληησι.

240 1001 365 1062 boeot.
389 998 500 1063 ελλαθι
523 1001 553 1080 (a
572 997 732 1063 Choerob.
756 999 920 1076 traditum)
943 1003 1019 1063 dor.
1042 997 1144 1066 ἵλαθι.
1179 1011 1244 1066 att.
1270 997 1362 1066 ilao'·

241 1125 319 1186 ομαι
349 1099 431 1179 (Plat
468 1099 547 1182 Leg.
576 1099 645 1176 Vll,
678 1104 740 1178 804
773 1101 810 1176 B)
841 1101 894 1162 vel
926 1098 1055 1186 ἱλέομαι
1085 1101 1215 1182 (Aesch.
1260 1104 1363 1186 suppl.

245 1220 316 1278 1103
343 1203 421 1281 121).

331 1304 539 1385 Quibuscum
559 1302 669 1366 formis
688 1323 818 1384 prorsus
835 1314 1013 1384 congruunt
1029 1308 1117 1368 vocis
1124 1308 1225 1388 χίλιοι
1241 1307 1363 1369 formae

242 1415 349 1468 notae:
373 1405 453 1468 aeol.
474 1407 615 1488 χέλλιοι;
638 1407 699 1466 ion.
724 1416 755 1467 et
777 1405 885 1468 boeot.
911 1409 1045 1488 χεὶλιοι;
1073 1410 1141 1469 dor.
1165 1409 1231 1471 mit.
1255 1419 1287 1470 et
1309 1419 1363 1470 att

239 1502 352 1590 χίλιοι.

331 1609 428 1694 Quod
451 1628 529 1670 vero
553 1608 595 1669 ad
621 1606 888 1687 significationem
910 1609 1032 1684 attinet,
1060 1610 1146 1672 haud
1168 1613 1235 1673 scio
1257 1633 1298 1673 an
1321 1633 1364 1674 ex

243 1715 357 1776 eadem
376 1722 412 1774 st.
424 1716 479 1777 οελ
491 1707 530 1796 Fu
542 1720 676 1792 utraque
695 1719 740 1774 et:
760 1711 933 1793 propitium
953 1731 1024 1773 esse
1044 1720 1076 1773 et
1094 1712 1217 1776 salvere
1234 1714 1364 1794 prodire

243 1815 355 1896 possit.
384 1813 534 1876 Profecto
552 1815 667 1874 mirum
687 1821 744 1882 est,
762 1811 908 1894 imperat.
920 1809 1014 1897 ἵληθι
1029 1823 1152 1876 tantum
1167 1817 1209 1876 ad
1228 1817 1362 1876 deorum

243 1916 469 1978 allocutionem
492 1923 691 1978 reservatum
714 1915 820 1977 luisse.
867 1915 936 1977 Nec
959 1913 1182 1978 Simonideum
1205 1915 1363 1997 fragmen·

242 2028 311 2080 turn
334 2027 458 2080 tantum
481 2017 592 2080 testari
611 2017 700 2098 puto,
724 2037 796 2079 cum
820 2037 893 2079 eam
915 2019 946 2078 ln
968 2015 1093 2078 tantulo
1117 2016 1250 2080 srustulo
1274 2029 1362 2080 certo

243 2121 391 2184 constitui
410 2122 451 2183 sit
473 2118 705 2182 difficillimum.
749 2118 798 2182 At
825 2121 893 2181 sive
921 2120 964 2181 ad
986 2113 1201 2182 conciliandas
1229 2122 1297 2183 sive
1322 2120 1363 2182 ad

243 2224 437 2304 separandas
467 2224 583 2301 stirpes
613 2223 805 2282 sententiam
834 2219 977 2294 ferimus
1015 2221 1048 2282 id
1077 2231 1216 2286 constat:
1245 2219 1362 2290 ἔλλαθι

243 2345 314 2386 esse
336 2323 495 2388 aeolicam
517 2323 655 2385 formam
673 2321 912 2402 Bergkiumque
934 2342 1077 2404 peccare,
1099 2324 1153 2404 qui
1173 2345 1214 2388 ex
1232 2324 1362 2386 arbitrio

244 2435 275 2502 et
297 2447 356 2506 per
377 2424 536 2488 silentium
559 2420 655 2490 ἵλαθι
677 2426 707 2486 in
729 2433 858 2488 textum
881 2426 1056 2488 inseruerit.

769 2595 838 2676 56.

599 2716 640 2762 De
658 2714 762 2777 reliquis
781 2715 885 2762 vocibus
904 2715 1013 2764 aeolicis.

329 2817 362 2887 Ι,
386 2815 421 2876 In
445 2815 521 2877 Sim.
547 2828 573 2894 5,
602 2831 640 2894 19
662 2823 771 2876 exstat
794 2812 960 2899 ἐπαίνημι,
988 2817 1076 2896 quod
1099 2815 1251 2880 Socrates
1274 2817 1362 2894 (Plat.

243 2919 327 2982 Prot.
348 2931 405 2998 345
428 2915 465 2996 C)
489 2917 566 2978 dicit
589 2916 630 2978 de
648 2916 803 2978 industria
825 2918 972 2996 posuisse
990 2925 1120 3000 poetam
1140 2919 1184 2980 ob
1204 2919 1363 2982 Pittacum

245 3021 407 3084 Lesbium.
453 3019 537 3082 Item
559 3019 623 3080 iam
647 3016 725 3082 Hes.
753 3038 805 3098 op.
829 3020 889 3098 685
911 3017 1024 3103 αἲνημι
1046 3019 1252 3102 similiterque
1276 3021 1363 3086 Pind.

244 3122 280 3185 sr.
307 3140 376 3202 132,
402 3141 423 3200 4
446 3119 566 3204 αἲτημι.
613 3119 728 3199 Neque
758 3120 862 3200 Ibyco
895 3121 977 3184 hanc
1006 3121 1159 3184 aeolicam
1190 3121 1364 3186 verborum

245 3224 486 3297 formationem,
521 3223 561 3284 de
589 3241 652 3302 qua
679 3243 706 3282 v.
735 3221 823 3284 Curti
855 3223 950 3284 Verb.
978 3223 1001 3296 I,
1030 3236 1090 3302 352
1125 3243 1180 3304 sq„
1219 3226 1364 3304 ignotam

245 3327 340 3390 fuisse
363 3326 442 3388 infra
467 3324 577 3388 formis
600 3321 695 3408 νόησι
718 3335 750 3386 et
772 3325 884 3408 φίλησι
906 3324 1208 3388 demonstrabimus.

331 3428 379 3501 ΙΙ,
402 3426 577 3508 Aspiratae
603 3448 627 3505 φ
654 3437 686 3488 et
709 3431 738 3512 Ιθ
768 3434 988 3508 permutantur
1014 3427 1046 3486 in
1072 3436 1150 3488 nota
1172 3426 1224 3490 illa
1246 3449 1275 3490 v.
1298 3425 1365 3514 φήρ

245 3553 304 3615 pro
330 3527 401 3620 θήρ
428 3526 518 3606 (Sim.
548 3543 595 3612 59,
628 3529 679 3589 ubi
713 3530 755 3590 de
782 3527 874 3589 leone
900 3547 1084 3590 sermonem
1114 3549 1184 3592 esse
1210 3529 1364 3614 Emperio

246 3637 328 3696 duce
351 3641 462 3694 censet
489 3631 614 3711 Bergk).
659 3630 811 3692 Pindarus
838 3650 917 3692 vero
947 3650 1050 3710 aeque
1077 3638 1174 3709 atque
1201 3631 1365 3695 Homerus

246 3737 307 3798 hac
329 3737 450 3798 aeolica
473 3734 577 3796 forma
599 3753 662 3795 non
687 3735 782 3795 utitur
805 3735 860 3794 nisi
885 3735 925 3794 de
949 3731 1128 3806 Centauris
1152 3731 1234 3796 feras
1257 3747 1365 3799 autem

246 3843 356 3922 θι”ρας
378 3839 542 3900 nominant
565 3857 670 3917 neque
699 3836 788 3898 aliter
811 3834 951 3898 Alcman
969 3837 1011 3896 60
1034 3839 1146 3920 θῆρες,
1174 3851 1214 3898 20
1236 3841 1366 3922 θηρῶν,

246 3959 442 4022 quamquam
465 3939 516 4000 hic
538 3940 640 4020 φοίνα
662 3958 722 4021 pro
744 3938 845 4020 θοίνη
868 3939 929 4014 (24)
953 3938 1074 4000 dixisse
1096 3937 1286 4018 perhibetur.
1330 3941 1365 4004 In

247 4043 440 4123 Ariphronis
472 4041 506 4103 fr.
541 4048 650 4104 exstat
682 4035 873 4123 θηρεύομεν
905 4053 937 4100 et
968 4040 999 4100 in
1027 4040 1137 4120 adesp.
1171 4055 1212 4119 39
1248 4037 1364 4126 θηρός.

246 4144 395 4225 Denique
417 4144 479 4204 huc
501 4145 641 4224 pertinet
664 4137 761 4221 φλάω
784 4140 882 4220 (Pind.
906 4142 945 4204 N.
971 4141 1009 4215 Χ,
1032 4141 1084 4220 68)
1108 4161 1168 4222 pro
1190 4139 1301 4206 θλοίω.
