3042 4804
656 219 868 266 ..22-

202 377 325 440 Pariter
342 377 428 456 apud
436 374 574 454 ibycum
589 374 671 436 inter
687 372 871 454 complures
888 371 1037 452 vulgares
1052 391 1132 434 unus
1146 371 1322 434 Lesbiacus

203 498 269 542 acc.
299 477 450 540 remansit
481 477 512 538 in
543 473 578 538 ir.
610 491 652 552 24
682 497 751 558 παρ
783 474 881 549 duale
908 467 1090 557 ἀμβλακών
1120 479 1175 550 (ex
1203 471 1322 554 Bergki

203 579 336 661 egregia
357 579 583 642 emendatione
604 597 664 658 pro
687 577 782 640 codd.
798 573 890 659 παρὰ
905 581 1003 651 θεοῖς
1021 570 1223 660 ἀμβλακών).
1254 575 1324 639 Sui-

204 681 263 744 das
284 700 362 744 vero
384 680 446 742 sub
468 701 497 746 v.
520 673 706 763 ἀμπλακών
729 678 796 740 edit
812 673 891 762 μήτι
908 677 984 760 περὶ
1007 675 1113 752 θεοὺς
1130 671 1324 761 ἀμπλακών.

204 783 247 845 Et
269 802 383 864 reapse
403 780 502 862 vulgo
525 775 734 864 ἁμαρτάνειν
756 787 789 842 et
807 774 994 864 ἀμπλακεῑν
1016 799 1089 842 cum
1111 779 1188 862 περί
1211 799 1237 844 c.
1260 799 1323 843 acc

203 893 436 948 construuntur.
480 881 563 946 Cum
585 902 664 946 vero
685 882 803 944 usitata
824 880 876 944 illa
897 879 988 964 παρὰ
1010 877 1127 964 νόμον,
1149 879 1242 964 παρὰ
1264 879 1324 956 τὰς

204 981 354 1062 σπονδάς
371 995 431 1050 etc.
450 989 690 1065 comparamus,=
701 1003 810 1065 praep,
828 979 919 1064 παρά
937 981 989 1046 hic
1003 1003 1132 1064 quoquc
1150 983 1234 1046 bene
1251 1004 1324 1046 cum

205 1089 388 1150 accusativo
420 1087 569 1166 coniungi
600 1087 819 1167 perspicimus.
874 1083 1005 1163 ibycum
1034 1084 1102 1146 sive
1133 1080 1225 1167 παρά
1257 1086 1324 1148 sive

204 1191 281 1272 περὶ
298 1189 449 1252 utebatur
466 1187 574 1250 aeolic
593 1207 657 1251 acc.
675 1187 771 1262 dedic
789 1187 935 1268 posuisse
950 1184 1076 1249 elucere
1094 1187 1170 1250 mihi
1190 1186 1324 1250 videtur.

290 1291 460 1352 Praeterea
481 1290 567 1371 apud
590 1289 736 1352 choricos
754 1289 906 1369 vulgares
928 1288 1156 1350 tantummodo
1179 1290 1323 1369 exceptis

205 1391 337 1472 singulis
359 1391 485 1454 Doricis
509 1393 680 1454 accusativi
702 1390 745 1473 pl.
763 1391 968 1473 reperiuntur.

291 1491 356 1568 IV„
367 1493 514 1574 Denique
529 1495 615 1574 apud
625 1493 797 1556 Pindarum
811 1491 913 1558 lesbb.
926 1501 1154 1568 τεῖναν-αις
1163 1506 1195 1558 et
1204 1511 1325 1559 -αισα

207 1596 238 1658 in
267 1602 348 1675 part.
380 1614 445 1657 aor.
473 1595 566 1676 sigm.
593 1602 655 1658 act.
686 1594 794 1674 (Peter
820 1614 852 1675 p.
881 1607 919 1673 57
947 1598 1006 1674 sq.)
1033 1594 1190 1674 leguntur.
1235 1595 1325 1678 Quas

206 1695 326 1758 formas
355 1695 557 1760 Stesichorus
580 1698 718 1776 ignorat:
751 1695 785 1758 sr.
814 1691 1007 1780 modone,
1036 1699 1055 1758 8
1086 1693 1241 1780 περάσας.
1289 1700 1324 1760 ln

206 1807 387 1863 ceterorum
414 1797 616 1863 choricorum
646 1796 834 1879 fragmentis
861 1819 926 1860 non
953 1809 1086 1881 apparet
1111 1802 1171 1862 nisi
1193 1803 1225 1862 in
1247 1799 1325 1864 Sim.

208 1915 234 1982 5,
265 1918 301 1964 12
331 1897 476 1984 πράξας,
506 1921 566 1982 pro
596 1921 662 1982 quo
696 1899 861 1964 Boeckhio
889 1909 1020 1964 auctore
1043 1899 1266 1964 Schneidewin
1293 1912 1326 1966 et

207 2001 317 2084 Bergk
338 1999 481 2087 πράξαις
502 2004 658 2079 scribunt,
686 2003 800 2084 quibus
823 2004 974 2083 equidem
1002 2023 1075 2065 cum
1097 2003 1172 2066 illud
1195 2025 1326 2068 carmen

207 2105 346 2168 numeris
356 2104 492 2179 aeolicis,
505 2106 558 2186 qui
568 2106 654 2186 apud
664 2105 835 2166 Pindarum
846 2124 975 2184 quoque
986 2106 1129 2168 maxime
1138 2105 1281 2187 (Peterp.
1296 2107 1324 2186 5)

207 2207 439 2268 reconditiores
467 2203 588 2268 formas
617 2206 824 2286 suppeditant
853 2215 886 2268 et
914 2205 1100 2283 aeolicasw)
1128 2216 1160 2270 et
1191 2209 1325 2282 doricas,

208 2310 249 2370 sit
279 2309 497 2387 compositum
521 2305 732 2387 (Schneidew.
764 2305 841 2371 Sim.
871 2307 936 2371 rell.
970 2328 1000 2388 p.
1034 2311 1091 2386 18),
1127 2309 1327 2381 confidenter

207 2411 373 2472 assentior.
417 2409 488 2472 Nec
514 2417 623 2472 tamen
649 2409 681 2472 in
704 2410 819 2473 Bacch.
842 2408 877 2474 ir.
901 2426 942 2487 24
963 2404 1144 2474 ἀντείνασα
1174 2431 1247 2474 esse
1272 2414 1326 2474 ad·

209 2511 420 2578 dubitandum
439 2514 557 2576 docent
575 2533 657 2594 quae
679 2533 775 2595 supra
793 2512 820 2593 (S
836 2529 863 2588 2,
879 2510 906 2575 C
923 2513 977 2593 III)
997 2513 1037 2575 de
1059 2513 1122 2576 hoc
1144 2513 1326 2593 fragmento

209 2615 357 2677 diximus.
395 2614 497 2694 Atqui
518 2617 551 2677 in
572 2616 634 2678 adi.
655 2619 722 2690 πᾶς
739 2616 828 2696 quod
851 2617 938 2696 apud
956 2614 1094 2678 Lesbios
1116 2614 1239 2682 horum.
1254 2636 1327 2697 par-

210 2717 390 2797 ticipiorum
403 2718 546 2797 sequitur
559 2715 743 2798 analogiam
751 2716 906 2780 Pindarus
921 2717 1044 2780 aeolica
1060 2715 1163 2780 forma
1177 2718 1327 2782 abstinete

209 2823 276 2893 πᾶς
298 2818 330 2880 Ρ.
356 2818 379 2893 Ι,
408 2821 460 2897 46,
490 2822 582 2883 πᾶσα
612 2819 651 2881 Ν.
685 2817 727 2893 V,
759 2834 801 2899 47
831 2820 869 2882 al.
918 2821 1001 2883 Item
1033 2818 1237 2882 Stesichorus
1268 2820 1328 2882 sibi

210 2929 361 2982 constans
383 2923 475 2985 πᾶσα
497 2919 544 3000 (f.
571 2920 621 3001 52)
645 2921 737 2986 dixit.

221 3083 225 3088 .
295 3022 344 3098 V„
373 3022 543 3086 Postremo
569 3023 741 3086 Pindarum
772 3032 805 3086 et
837 3022 1041 3087 Simonidem
1073 3022 1238 3104 multoque
1269 3023 1328 3086 ire·

210 3125 358 3204 quentius
379 3133 456 3205 post
475 3145 531 3188 eos
546 3125 755 3188 Theocritum
773 3126 825 3188 vel
841 3130 882 3188 ad
900 3125 999 3187 verba
1016 3145 1106 3206 pura,
1128 3144 1211 3205 quae
1229 3125 1328 3205 vulgo

210 3227 242 3290 in
269 3225 369 3304 -c'm,
399 3229 485 3308 apud
517 3226 640 3291 Aeoles
670 3229 701 3289 in
727 3251 827 3312 -ημι
857 3227 1143 3311 (φιλέω-φίλημα
1174 3228 1330 3300 desinunt,

211 3327 467 3393 terminationem
490 3345 609 3394 -οισα
635 3329 688 3392 vel
710 3329 876 3408 -otor(vl,
908 3330 953 3391 uti
979 3330 1011 3394 P.
1037 3330 1073 3402 ΙΙ,
1100 3345 1141 3409 79
1173 3323 1330 3411 ὀχεοίσαν

210 3429 234 3510 J.
258 3431 294 3504 ΙΙ,
318 3446 358 3510 27
382 3428 460 3496 Sim.
487 3447 537 3506 12;
561 3447 609 3510 31,
637 3434 823 3494 adiunxisse
845 3432 1042 3493 monendum
1069 3439 1127 3492 est.
1170 3431 1206 3492 In
1231 3431 1329 3492 titulis

212 3531 337 3596 Lesbiis
365 3541 398 3596 et
426 3535 458 3595 in
484 3540 653 3615 poetarum
683 3533 870 3615 fragmentis
899 3533 1004 3595 nullae
1026 3534 1184 3595 eiusmodi
1208 3531 1331 3596 formae

212 3633 501 3716 deprehenduntur.
520 3635 626 3719 Quam
642 3636 767 3700 obrem
783 3636 929 3698 choricos
945 3643 1060 3716 poetas
1076 3634 1197 3698 formas
1214 3633 1329 3704 horum

213 3737 385 3799 verborum
409 3740 639 3801 reconditiores
662 3738 759 3800 veluti
781 3733 935 3822 μάτεισαι
962 3735 1083 3818 Sapph.
1110 3751 1156 3816 54,
1175 3733 1330 3822 ἐπιῤῥόμ-

213 3842 296 3918 deror
325 3856 352 3915 2,
385 3857 418 3902 11
450 3861 470 3904 a
500 3838 638 3904 dialecto
661 3839 807 3904 choricae
834 3841 942 3922 po'esis
975 3839 1090 3902 alienas
1125 3839 1330 3904 existimasse

213 3991 416 4002 ψ..-

282 4063 314 4140 ¹20)
333 4081 375 4132 Sic
400 4081 426 4130 in
452 4080 502 4129 hoc
529 4080 585 4144 ipso
609 4079 670 4130 Sim.
701 4080 729 4130 fr.
751 4091 764 4144 5
788 4079 858 4130 solas
885 4080 993 4130 aeolicas
1022 4080 1117 4128 formas
1145 4073 1281 4146 ἐπαίνημι
1308 4084 1332 4128 et

214 4139 334 4213 ἔμμεναι
351 4149 497 4212 reperimus.
