3042 4804
279 1238 477 1336 Stesichori,
509 1261 612 1342 Ibyci,
644 1259 831 1335 SimonidiS,
858 1259 1079 1341 Bacchylidis,
1109 1279 1190 1341 quos
1213 1269 1308 1323 sexto

195 1369 372 1450 quintoque
394 1364 525 1427 saeculo
548 1367 630 1426 inter
651 1364 759 1445 po‘esis
788 1363 934 1426 choricae
956 1370 1069 1444 po'etas
1091 1371 1218 1444 praeter
1240 1363 1310 1425 Pin·

197 1473 309 1533 darum
346 1467 487 1530 maxime
523 1465 667 1529 floruisse
704 1473 844 1540 constat,
887 1473 1131 1546 ceterorumque
1165 1464 1310 1529 eiusdem

195 1573 307 1634 aetatis
330 1569 530 1632 choricorum
550 1567 722 1630 dialectum
741 1568 916 1630 accuratius
938 1573 1075 1630 tradtare
1094 1575 1191 1648 atque
1213 1587 1311 1648 quan·

127 1699 133 1710 ·
197 1683 265 1737 tum
297 1673 379 1735 inter
409 1691 480 1734 sese
511 1677 668 1751 congruat
699 1659 889 1752 perscrutari
920 1677 952 1732 et
983 1689 1046 1731 uno
1076 1669 1108 1730 in
1135 1677 1310 1752 conspectu

196 1795 392 1856 componere
415 1773 491 1835 mihi
514 1773 676 1854 proposui.
856 1779 857 1782 ’

286 1875 385 1957 Quod
414 1883 449 1937 ut
475 1893 674 1954 assequerer,
707 1893 825 1954 operae
851 1874 989 1955 pretium
1016 1871 1092 1934 mihi
1120 1875 1223 1936 visum
1254 1882 1311 1947 est,

197 1988 230 2042 ut
253 1978 467 2059 explorarem,
489 1995 565 2036 num
589 1974 767 2056 quibusque
793 1976 824 2037 in
851 1973 946 2037 rebus
973 1974 1144 2038 dialecticis
1173 1977 1312 2038 carmina

198 2079 324 2143 illorum
359 2097 433 2140 cum
466 2077 582 2139 summi
618 2076 849 2157 clarissimique
884 2076 1001 2139 chorici
1036 2083 1152 2158 poetae
1185 2077 1312 2140 Pindari
1380 2131 1389 2150 ,

197 2181 354 2264 poematis
377 2181 595 2254 concinerent;
618 2178 707 2260 quod
729 2199 769 2241 eo
791 2177 912 2240 facilius
934 2177 1000 2240 fieri
1023 2180 1135 2259 potuit,
1158 2199 1222 2259 quo
1245 2180 1313 2240 dili-

199 2284 325 2365 gentius
361 2279 537 2344 Guilelmus
571 2280 737 2361 Augustus
777 2281 870 2343 Peter
905 2279 968 2358 (De
1004 2280 1143 2342 dialecto
1173 2280 1312 2356 Pindari;

200 2384 289 2448 Halis
316 2385 407 2462 1866)
430 2383 669 2445 Pindaricorum
692 2383 868 2445 carminum
891 2382 1065 2445 dialectum
1087 2383 1261 2464 descripsit.

282 2485 483 2550 Simonidem
506 2460 799 2566 Bacchylidemque
821 2505 894 2546 cum
914 2483 982 2545 Ceo
1004 2482 1104 2557 insula
1126 2485 1191 2546 nati
1213 2494 1246 2548 et
1268 2485 1312 2548 ob

201 2609 274 2653 eam
297 2609 365 2650 rem
388 2589 483 2651 lones
504 2587 643 2650 habendi
669 2589 745 2662 sint,
775 2605 924 2650 sermone
941 2581 1082 2667 'quoque
1104 2586 1213 2649 lonico
1243 2608 1314 2650 esse

199 2711 275 2754 usos
309 2690 446 2771 suspicio
478 2688 571 2752 facile
600 2697 708 2770 potest
742 2691 824 2754 oriri.
875 2685 941 2751 Sed
974 2709 1041 2751 rem
1073 2689 1117 2752 ita
1147 2711 1218 2752 sese
1249 2711 1313 2752 non

198 2792 324 2868 habere,
347 2793 409 2855 iam
433 2811 506 2854 cum
530 2792 634 2854 obiter
655 2789 899 2874 perlustraveris
922 2811 1034 2854 eorum
1050 2790 1237 2873 fragmenta,
1258 2814 1313 2875 ap-

199 2895 336 2976 parebit;
367 2914 470 2974 neque
497 2894 582 2956 enim
609 2913 711 2974 pauca
741 2893 870 2955 doricae
899 2891 1024 2956 dialecti
1048 2895 1185 2974 vestigia
1208 2895 1312 2976 primo

198 2997 313 3058 obtutu
344 3003 521 3057 occurrunt.
572 2995 685 3075 Atque
716 3004 826 3056 contra
856 2995 1006 3075 Ibycum,
1038 2999 1157 3078 quippe
1188 2997 1241 3077 qui
1272 2999 1313 3059 sit

198 3097 377 3177 Rheginus,
406 3097 605 3184 Italiptarum
628 3097 735 3177 lingua
758 3098 775 3158 i.
799 3117 825 3159 e.
848 3099 1008 3159 severiore
1030 3100 1084 3178 qui
1111 3099 1224 3161 dieitur
1246 3099 1312 3161 Do·

198 3199 296 3260 rismo
328 3198 468 3260 carmina
497 3198 727 3280 conscripsisse
763 3201 1068 3280 exspectaverimus
1105 3208 1246 3264 attamen
1281 3201 1314 3263 id

199 3320 328 3380 quoque
359 3319 418 3362 nos
451 3297 599 3363 fefellisse
630 3299 827 3374 videbimuS,
858 3321 930 3362 cum
959 3299 1044 3364 nulla
1075 3304 1313 3383 propemodum

138 3435 140 3440 ·
189 3403 367 3482 ¹severioris
389 3401 521 3463 Doridis
548 3402 642 3463 insint
668 3403 734 3464 eius
761 3408 948 3482 poematum
978 3401 1165 3482 fragmentis
1192 3405 1313 3466 indicia.

198 3503 242 3566 Et
263 3522 367 3584 pauca
390 3523 432 3565 ex
455 3503 501 3565 eis
523 3501 617 3566 allata
635 3503 842 3584 glossemata,
865 3523 946 3584 quae
968 3506 1089 3585 antiqui
1111 3505 1313 3585 grammatici

200 3603 359 3686 Rheginis
386 3607 562 3685 assignant,
594 3606 636 3667 ad
666 3607 860 3688 severiorem
884 3606 1039 3670 Doridem
1067 3615 1121 3669 aut
1152 3606 1313 3688 Rhegino-

201 3727 271 3769 rum
294 3727 476 3770 sermonem
500 3709 632 3770 omnino
658 3728 721 3770 non
744 3709 903 3791 pertinere
922 3711 1119 3773 ostendetur.
1149 3708 1312 3773 Dialectus

200 3827 278 3871 vero
302 3818 334 3870 et
357 3829 468 3871 eorum
487 3817 520 3871 et
537 3809 663 3872 Pindari
685 3830 749 3872 non
772 3819 821 3874 est
843 3829 905 3872 una
927 3819 960 3873 et
981 3811 1129 3893 simplex,
1151 3813 1210 3874 sed
1232 3812 1313 3874 eius·

204 3909 305 3984 modi,
337 3929 420 3990 quae
450 3911 543 3974 certis
561 3911 762 3992 ‚quibusdam
789 3912 928 3976 consiliis
954 3935 974 3976 a
1002 3915 1106 3995 po'etis
1133 3914 1314 3996 composita

201 4032 274 4075 esse
296 4013 443 4074 videatur
470 4013 588 4076 doricis
615 4022 649 4077 et
674 4015 800 4078 aeolicis
828 4014 938 4078 formis
961 4016 1003 4077 ad
1025 4016 1150 4097 epicam
1172 4015 1314 4097 linguam

111 4135 112 4144 ¹
202 4113 363 4176 admixtis
407 4113 492 4176 Dein
514 4135 573 4177 nec
596 4113 770 4178 Stesichori
793 4138 851 4180 nec
869 4115 1104 4179 Timocreontis
1123 4117 1242 4182 Rhodii
1264 4138 1313 4180 ce·

200 4223 408 4295 terorumque
431 4213 631 4279 choricorum
654 4217 793 4281 carmina
815 4219 997 4322 domesticp
1017 4218 1143 4318 Dorum
1166 4241 1322 4317 sermone

972 4335 1026 4390 :·:
1094 4338 1124 4391 ·.¹
1204 4331 1241 4399 :·'
1312 4325 1321 4340 '
