<?xml version="1.0" encoding="UTF-8"?>
<!DOCTYPE html PUBLIC "-//W3C//DTD XHTML 1.0 Transitional//EN"
    "http://www.w3.org/TR/xhtml1/DTD/xhtml1-transitional.dtd">
<html xmlns="http://www.w3.org/1999/xhtml" xml:lang="en" lang="en">
 <head>
  <title>
</title>
<meta http-equiv="Content-Type" content="text/html;charset=utf-8" />
  <meta name='ocr-system' content='tesseract 3.04.00' />
  <meta name='ocr-capabilities' content='ocr_page ocr_carea ocr_par ocr_line ocrx_word'/>
</head>
<body>
  <div class='ocr_page' id='page_1' title='image "./dedialectisstes00mukagoog_0082.png"; bbox 0 0 3042 4804; ppageno 0'>
   <div class='ocr_carea' id='block_1_1' title="bbox 580 257 790 322">
    <p class='ocr_par' dir='ltr' id='par_1_1' title="bbox 580 257 790 322">
     <span class='ocr_line' id='line_1_1' title="bbox 580 257 790 322; baseline -0.01 -33"><span class='ocrx_word' id='word_1_1' title='bbox 580 257 790 322; x_wconf 63' lang='lat'>-71-</span> 
     </span>
    </p>
   </div>
   <div class='ocr_carea' id='block_1_2' title="bbox 133 390 1251 906">
    <p class='ocr_par' dir='ltr' id='par_1_2' title="bbox 133 390 1251 801">
     <span class='ocr_line' id='line_1_2' title="bbox 133 390 1249 494; baseline -0.001 -18"><span class='ocrx_word' id='word_1_2' title='bbox 133 412 227 476; x_wconf 88' lang='lat' dir='ltr'><strong>leram</strong></span> <span class='ocrx_word' id='word_1_3' title='bbox 255 421 352 494; x_wconf 90' lang='lat' dir='ltr'><strong>atque</strong></span> <span class='ocrx_word' id='word_1_4' title='bbox 381 410 503 491; x_wconf 78' lang='grc' dir='ltr'><em>ἔξοθεν</em></span> <span class='ocrx_word' id='word_1_5' title='bbox 530 390 645 476; x_wconf 86' lang='lat' dir='ltr'><strong>Siculis</strong></span> <span class='ocrx_word' id='word_1_6' title='bbox 672 414 761 490; x_wconf 76' lang='lat' dir='ltr'><strong>dem,</strong></span> <span class='ocrx_word' id='word_1_7' title='bbox 793 412 1057 493; x_wconf 90' lang='lat' dir='ltr'><strong>quandoquidem</strong></span> <span class='ocrx_word' id='word_1_8' title='bbox 1083 419 1249 492; x_wconf 89' lang='lat' dir='ltr'><strong>praeterea</strong></span> 
     </span>
     <span class='ocr_line' id='line_1_3' title="bbox 133 513 1249 598; baseline -0.002 -20"><span class='ocrx_word' id='word_1_9' title='bbox 133 515 329 598; x_wconf 82' lang='lat' dir='ltr'>grammatici</span> <span class='ocrx_word' id='word_1_10' title='bbox 352 513 559 595; x_wconf 83' lang='lat' dir='ltr'>Syracusanis</span> <span class='ocrx_word' id='word_1_11' title='bbox 582 513 631 594; x_wconf 85' lang='lat' dir='ltr'><strong>(ci.</strong></span> <span class='ocrx_word' id='word_1_12' title='bbox 655 514 734 580; x_wconf 88' lang='lat' dir='ltr'><strong>Ahr.</strong></span> <span class='ocrx_word' id='word_1_13' title='bbox 757 513 797 587; x_wconf 90' lang='grc' dir='ltr'><strong>ΙΙ,</strong></span> <span class='ocrx_word' id='word_1_14' title='bbox 822 516 880 594; x_wconf 87' lang='grc'><strong>365</strong></span> <span class='ocrx_word' id='word_1_15' title='bbox 907 514 964 593; x_wconf 83' lang='lat' dir='ltr'><strong>sq.l</strong></span> <span class='ocrx_word' id='word_1_16' title='bbox 987 513 1148 577; x_wconf 93' lang='lat' dir='ltr'><strong>vindicant</strong></span> <span class='ocrx_word' id='word_1_17' title='bbox 1170 513 1249 578; x_wconf 90' lang='lat' dir='ltr'><strong>illius</strong></span> 
     </span>
     <span class='ocr_line' id='line_1_4' title="bbox 134 613 1251 701; baseline -0.002 -19"><span class='ocrx_word' id='word_1_18' title='bbox 134 621 235 701; x_wconf 85' lang='lat' dir='ltr'><strong>stirpis</strong></span> <span class='ocrx_word' id='word_1_19' title='bbox 263 617 419 680; x_wconf 87' lang='lat' dir='ltr'><strong>adverbia</strong></span> <span class='ocrx_word' id='word_1_20' title='bbox 441 615 514 696; x_wconf 75' lang='grc' dir='ltr'><em>ἐ’ξος</em></span> <span class='ocrx_word' id='word_1_21' title='bbox 536 617 643 697; x_wconf 90' lang='lat' dir='ltr'><strong>(ablat.</strong></span> <span class='ocrx_word' id='word_1_22' title='bbox 667 625 805 697; x_wconf 85' lang='lat' dir='ltr'><strong>corrept.</strong></span> <span class='ocrx_word' id='word_1_23' title='bbox 829 635 871 678; x_wconf 78' lang='lat' dir='ltr'><strong>ex</strong></span> <span class='ocrx_word' id='word_1_24' title='bbox 894 613 976 695; x_wconf 76' lang='grc' dir='ltr'><strong>ἔξως</strong></span> <span class='ocrx_word' id='word_1_25' title='bbox 992 632 1034 695; x_wconf 54' lang='grc' dir='ltr'>ὲ</span> <span class='ocrx_word' id='word_1_26' title='bbox 1057 613 1196 696; x_wconf 75' lang='grc' dir='ltr'><em>ἔξωθεν)</em></span> <span class='ocrx_word' id='word_1_27' title='bbox 1219 625 1251 680; x_wconf 92' lang='lat' dir='ltr'><strong>et</strong></span> 
     </span>
     <span class='ocr_line' id='line_1_5' title="bbox 134 719 346 801; baseline -0.014 -15"><span class='ocrx_word' id='word_1_28' title='bbox 134 719 195 801; x_wconf 72' lang='grc' dir='ltr'><em>ἕξοι</em></span> <span class='ocrx_word' id='word_1_29' title='bbox 219 720 346 799; x_wconf 78' lang='lat' dir='ltr'><strong>(locat).</strong></span> 
     </span>
    </p>

    <p class='ocr_par' dir='ltr' id='par_1_3' title="bbox 211 818 1250 906">
     <span class='ocr_line' id='line_1_6' title="bbox 211 818 1250 906; baseline 0.003 -23"><span class='ocrx_word' id='word_1_30' title='bbox 211 841 251 901; x_wconf 86' lang='lat'><strong>4,</strong></span> <span class='ocrx_word' id='word_1_31' title='bbox 277 821 427 906; x_wconf 89' lang='lat' dir='ltr'><strong>Denique</strong></span> <span class='ocrx_word' id='word_1_32' title='bbox 450 820 671 884; x_wconf 87' lang='lat' dir='ltr'><strong>Stesichorum</strong></span> <span class='ocrx_word' id='word_1_33' title='bbox 703 822 830 882; x_wconf 90' lang='lat' dir='ltr'><strong>doricas</strong></span> <span class='ocrx_word' id='word_1_34' title='bbox 857 821 1030 883; x_wconf 91' lang='lat' dir='ltr'><strong>verborum</strong></span> <span class='ocrx_word' id='word_1_35' title='bbox 1052 818 1172 883; x_wconf 87' lang='lat' dir='ltr'><strong>formas</strong></span> <span class='ocrx_word' id='word_1_36' title='bbox 1193 821 1250 886; x_wconf 82' lang='grc' dir='ltr'><strong>πέ-</strong></span> 
     </span>
    </p>
   </div>
   <div class='ocr_carea' id='block_1_3' title="bbox 41 919 1250 1108">
    <p class='ocr_par' dir='ltr' id='par_1_4' title="bbox 41 919 1250 1108">
     <span class='ocr_line' id='line_1_7' title="bbox 41 919 1250 1007; baseline -0.002 -19"><span class='ocrx_word' id='word_1_37' title='bbox 41 979 42 984; x_wconf 67' lang='grc'>,</span> <span class='ocrx_word' id='word_1_38' title='bbox 134 943 239 1007; x_wconf 81' lang='grc' dir='ltr'><em>τοσχα</em></span> <span class='ocrx_word' id='word_1_39' title='bbox 267 945 327 1007; x_wconf 93' lang='lat' dir='ltr'><strong>pro</strong></span> <span class='ocrx_word' id='word_1_40' title='bbox 358 925 518 989; x_wconf 80' lang='grc' dir='ltr'><em>πέπονθα</em></span> <span class='ocrx_word' id='word_1_41' title='bbox 546 923 591 996; x_wconf 77' lang='lat' dir='ltr'><strong>(fr.</strong></span> <span class='ocrx_word' id='word_1_42' title='bbox 620 927 670 1004; x_wconf 90' lang='lat'><strong>89)</strong></span> <span class='ocrx_word' id='word_1_43' title='bbox 694 932 726 986; x_wconf 88' lang='lat' dir='ltr'><strong>et</strong></span> <span class='ocrx_word' id='word_1_44' title='bbox 748 919 902 1007; x_wconf 79' lang='grc' dir='ltr'><em>ποταύδη</em></span> <span class='ocrx_word' id='word_1_45' title='bbox 932 921 1050 1002; x_wconf 69' lang='grc'>(11.92)</span> <span class='ocrx_word' id='word_1_46' title='bbox 1077 943 1250 1005; x_wconf 85' lang='lat' dir='ltr'><strong>usurpasse</strong></span> 
     </span>
     <span class='ocr_line' id='line_1_8' title="bbox 41 1027 602 1108; baseline -0.004 -19"><span class='ocrx_word' id='word_1_47' title='bbox 41 1055 42 1080; x_wconf 73' lang='lat'>1</span> <span class='ocrx_word' id='word_1_48' title='bbox 136 1027 331 1108; x_wconf 83' lang='lat' dir='ltr'><strong>grammatici</strong></span> <span class='ocrx_word' id='word_1_49' title='bbox 354 1035 502 1089; x_wconf 89' lang='lat' dir='ltr'><strong>auctores</strong></span> <span class='ocrx_word' id='word_1_50' title='bbox 521 1036 602 1089; x_wconf 88' lang='lat' dir='ltr'><strong>sunt.</strong></span> 
     </span>
    </p>
   </div>
   <div class='ocr_carea' id='block_1_4' title="bbox 136 1126 1252 1828">
    <p class='ocr_par' dir='ltr' id='par_1_5' title="bbox 136 1126 1252 1310">
     <span class='ocr_line' id='line_1_9' title="bbox 214 1126 1252 1212; baseline -0.004 -18"><span class='ocrx_word' id='word_1_51' title='bbox 214 1151 250 1206; x_wconf 85' lang='lat' dir='ltr'><strong>a,</strong></span> <span class='ocrx_word' id='word_1_52' title='bbox 283 1129 438 1212; x_wconf 79' lang='grc' dir='ltr'><em>Πέτιοοχα</em></span> <span class='ocrx_word' id='word_1_53' title='bbox 465 1137 633 1210; x_wconf 90' lang='lat' dir='ltr'><strong>praeterea</strong></span> <span class='ocrx_word' id='word_1_54' title='bbox 663 1129 693 1188; x_wconf 92' lang='lat' dir='ltr'><strong>in</strong></span> <span class='ocrx_word' id='word_1_55' title='bbox 722 1127 906 1208; x_wconf 86' lang='lat' dir='ltr'><strong>Epicharmi</strong></span> <span class='ocrx_word' id='word_1_56' title='bbox 941 1126 976 1190; x_wconf 87' lang='lat' dir='ltr'><strong>lt.</strong></span> <span class='ocrx_word' id='word_1_57' title='bbox 1002 1143 1020 1208; x_wconf 96' lang='lat'><em>7</em></span> <span class='ocrx_word' id='word_1_58' title='bbox 1048 1136 1179 1209; x_wconf 87' lang='lat' dir='ltr'><strong>praesto</strong></span> <span class='ocrx_word' id='word_1_59' title='bbox 1202 1137 1252 1190; x_wconf 92' lang='lat' dir='ltr'><strong>est</strong></span> 
     </span>
     <span class='ocr_line' id='line_1_10' title="bbox 136 1229 873 1310; baseline -0.009 -15"><span class='ocrx_word' id='word_1_60' title='bbox 136 1240 163 1296; x_wconf 89' lang='lat' dir='ltr'><strong>et</strong></span> <span class='ocrx_word' id='word_1_61' title='bbox 184 1231 225 1294; x_wconf 86' lang='lat' dir='ltr'><strong>ab</strong></span> <span class='ocrx_word' id='word_1_62' title='bbox 248 1230 396 1294; x_wconf 88' lang='lat' dir='ltr'><strong>Ahrente</strong></span> <span class='ocrx_word' id='word_1_63' title='bbox 418 1231 456 1306; x_wconf 91' lang='lat' dir='ltr'><strong>ll,</strong></span> <span class='ocrx_word' id='word_1_64' title='bbox 481 1244 537 1310; x_wconf 83' lang='lat'><strong>351</strong></span> <span class='ocrx_word' id='word_1_65' title='bbox 561 1229 674 1293; x_wconf 86' lang='lat' dir='ltr'><strong>Siculis</strong></span> <span class='ocrx_word' id='word_1_66' title='bbox 697 1229 873 1292; x_wconf 82' lang='lat' dir='ltr'><strong>ascribitur.</strong></span> 
     </span>
    </p>

    <p class='ocr_par' dir='ltr' id='par_1_6' title="bbox 136 1317 1251 1828">
     <span class='ocr_line' id='line_1_11' title="bbox 215 1317 1249 1420; baseline 0 -24"><span class='ocrx_word' id='word_1_67' title='bbox 215 1334 256 1413; x_wconf 87' lang='lat' dir='ltr'><strong>b.‚</strong></span> <span class='ocrx_word' id='word_1_68' title='bbox 279 1335 341 1396; x_wconf 93' lang='lat' dir='ltr'><strong>Pro</strong></span> <span class='ocrx_word' id='word_1_69' title='bbox 369 1336 437 1396; x_wconf 93' lang='lat' dir='ltr'><strong>dor.</strong></span> <span class='ocrx_word' id='word_1_70' title='bbox 468 1329 625 1420; x_wconf 77' lang='grc' dir='ltr'><em>ποταύόη</em></span> <span class='ocrx_word' id='word_1_71' title='bbox 647 1333 803 1396; x_wconf 82' lang='lat' dir='ltr'><strong>Pindarus</strong></span> <span class='ocrx_word' id='word_1_72' title='bbox 829 1317 937 1414; x_wconf 83' lang='lat' dir='ltr'><strong>posuit</strong></span> <span class='ocrx_word' id='word_1_73' title='bbox 964 1333 1042 1414; x_wconf 89' lang='lat' dir='ltr'><strong>epic.</strong></span> <span class='ocrx_word' id='word_1_74' title='bbox 1068 1329 1249 1418; x_wconf 78' lang='grc' dir='ltr'><em>προςηύδα.</em></span> 
     </span>
     <span class='ocr_line' id='line_1_12' title="bbox 136 1434 1249 1516; baseline -0.003 -16"><span class='ocrx_word' id='word_1_75' title='bbox 136 1437 222 1500; x_wconf 90' lang='lat' dir='ltr'><strong>Haec</strong></span> <span class='ocrx_word' id='word_1_76' title='bbox 230 1434 436 1499; x_wconf 90' lang='lat' dir='ltr'><strong>Stesichorea</strong></span> <span class='ocrx_word' id='word_1_77' title='bbox 451 1434 555 1498; x_wconf 83' lang='lat' dir='ltr'><strong>forma</strong></span> <span class='ocrx_word' id='word_1_78' title='bbox 570 1455 632 1497; x_wconf 89' lang='lat' dir='ltr'><strong>una</strong></span> <span class='ocrx_word' id='word_1_79' title='bbox 650 1444 700 1498; x_wconf 89' lang='lat' dir='ltr'><strong>est</strong></span> <span class='ocrx_word' id='word_1_80' title='bbox 719 1436 805 1516; x_wconf 92' lang='lat' dir='ltr'><strong>apud</strong></span> <span class='ocrx_word' id='word_1_81' title='bbox 824 1434 981 1512; x_wconf 83' lang='lat' dir='ltr'><strong>choric0s‚</strong></span> <span class='ocrx_word' id='word_1_82' title='bbox 999 1436 1103 1516; x_wconf 92' lang='lat' dir='ltr'><strong>inqua</strong></span> <span class='ocrx_word' id='word_1_83' title='bbox 1121 1437 1249 1499; x_wconf 79' lang='lat' dir='ltr'><strong>vocales</strong></span> 
     </span>
     <span class='ocr_line' id='line_1_13' title="bbox 137 1536 1251 1619; baseline -0.004 -15"><span class='ocrx_word' id='word_1_84' title='bbox 137 1563 170 1604; x_wconf 84' lang='lat' dir='ltr'><strong>ae</strong></span> <span class='ocrx_word' id='word_1_85' title='bbox 190 1541 325 1614; x_wconf 88' lang='lat' dir='ltr'><strong>Dorum,</strong></span> <span class='ocrx_word' id='word_1_86' title='bbox 347 1557 411 1600; x_wconf 92' lang='lat' dir='ltr'><strong>non</strong></span> <span class='ocrx_word' id='word_1_87' title='bbox 435 1539 597 1619; x_wconf 89' lang='lat' dir='ltr'><strong>epicorum</strong></span> <span class='ocrx_word' id='word_1_88' title='bbox 614 1557 704 1600; x_wconf 89' lang='lat' dir='ltr'><strong>more</strong></span> <span class='ocrx_word' id='word_1_89' title='bbox 722 1536 962 1612; x_wconf 90' lang='lat' dir='ltr'><strong>contrahuntur,</strong></span> <span class='ocrx_word' id='word_1_90' title='bbox 986 1539 1044 1599; x_wconf 92' lang='lat' dir='ltr'><strong>nisi</strong></span> <span class='ocrx_word' id='word_1_91' title='bbox 1064 1536 1148 1599; x_wconf 89' lang='lat' dir='ltr'><strong>sorte</strong></span> <span class='ocrx_word' id='word_1_92' title='bbox 1166 1538 1251 1619; x_wconf 92' lang='lat' dir='ltr'><strong>quis-</strong></span> 
     </span>
     <span class='ocr_line' id='line_1_14' title="bbox 136 1633 1249 1723; baseline 0.003 -20"><span class='ocrx_word' id='word_1_93' title='bbox 136 1643 216 1721; x_wconf 85' lang='lat' dir='ltr'><strong>piam</strong></span> <span class='ocrx_word' id='word_1_94' title='bbox 239 1642 418 1723; x_wconf 89' lang='lat' dir='ltr'><strong>suspicatus</strong></span> <span class='ocrx_word' id='word_1_95' title='bbox 435 1641 477 1702; x_wconf 92' lang='lat' dir='ltr'><strong>sit</strong></span> <span class='ocrx_word' id='word_1_96' title='bbox 499 1639 736 1701; x_wconf 88' lang='lat' dir='ltr'><strong>Timocreontis</strong></span> <span class='ocrx_word' id='word_1_97' title='bbox 758 1633 926 1723; x_wconf 79' lang='grc' dir='ltr'><em>ιιηάχοντο</em></span> <span class='ocrx_word' id='word_1_98' title='bbox 951 1659 993 1702; x_wconf 88' lang='lat' dir='ltr'><strong>ex</strong></span> <span class='ocrx_word' id='word_1_99' title='bbox 1015 1639 1072 1704; x_wconf 87' lang='grc' dir='ltr'><strong>καὶ</strong></span> <span class='ocrx_word' id='word_1_100' title='bbox 1095 1633 1249 1722; x_wconf 82' lang='grc' dir='ltr'><em>εάχοντο,</em></span> 
     </span>
     <span class='ocr_line' id='line_1_15' title="bbox 136 1736 839 1828; baseline -0.004 -23"><span class='ocrx_word' id='word_1_101' title='bbox 136 1763 196 1806; x_wconf 90' lang='lat' dir='ltr'><strong>non</strong></span> <span class='ocrx_word' id='word_1_102' title='bbox 218 1764 260 1805; x_wconf 89' lang='lat' dir='ltr'><strong>ex</strong></span> <span class='ocrx_word' id='word_1_103' title='bbox 282 1743 339 1808; x_wconf 80' lang='grc' dir='ltr'><strong>καὶ</strong></span> <span class='ocrx_word' id='word_1_104' title='bbox 360 1736 510 1828; x_wconf 76' lang='grc' dir='ltr'><em>ηὔχοντο</em></span> <span class='ocrx_word' id='word_1_105' title='bbox 534 1749 734 1804; x_wconf 89' lang='lat' dir='ltr'><strong>contractum</strong></span> <span class='ocrx_word' id='word_1_106' title='bbox 759 1763 839 1805; x_wconf 91' lang='lat' dir='ltr'><strong>esse.</strong></span> 
     </span>
    </p>
   </div>
   <div class='ocr_carea' id='block_1_5' title="bbox 177 1931 1209 2015">
    <p class='ocr_par' dir='ltr' id='par_1_7' title="bbox 177 1931 1209 2015">
     <span class='ocr_line' id='line_1_16' title="bbox 177 1931 1209 2015; baseline 0.002 -19"><span class='ocrx_word' id='word_1_107' title='bbox 177 1933 212 1996; x_wconf 91' lang='lat' dir='ltr'><strong>II.</strong></span> <span class='ocrx_word' id='word_1_108' title='bbox 248 1932 443 2015; x_wconf 88' lang='lat' dir='ltr'><strong>Quaedam</strong></span> <span class='ocrx_word' id='word_1_109' title='bbox 467 1932 575 1995; x_wconf 88' lang='lat' dir='ltr'><strong>unius</strong></span> <span class='ocrx_word' id='word_1_110' title='bbox 598 1931 813 1994; x_wconf 88' lang='lat' dir='ltr'><strong>Stesichori</strong></span> <span class='ocrx_word' id='word_1_111' title='bbox 836 1931 1023 2012; x_wconf 91' lang='lat' dir='ltr'><strong>lbycique</strong></span> <span class='ocrx_word' id='word_1_112' title='bbox 1044 1935 1209 2014; x_wconf 88' lang='lat' dir='ltr'><strong>propria.</strong></span> 
     </span>
    </p>
   </div>
   <div class='ocr_carea' id='block_1_6' title="bbox 139 2050 1251 2339">
    <p class='ocr_par' dir='ltr' id='par_1_8' title="bbox 139 2050 1251 2339">
     <span class='ocr_line' id='line_1_17' title="bbox 220 2050 1251 2135; baseline 0.002 -21"><span class='ocrx_word' id='word_1_113' title='bbox 220 2069 244 2116; x_wconf 92' lang='lat'><strong>1.</strong></span> <span class='ocrx_word' id='word_1_114' title='bbox 279 2051 474 2114; x_wconf 87' lang='lat' dir='ltr'><strong>insolentem</strong></span> <span class='ocrx_word' id='word_1_115' title='bbox 492 2051 523 2112; x_wconf 93' lang='lat' dir='ltr'><strong>in</strong></span> <span class='ocrx_word' id='word_1_116' title='bbox 539 2052 675 2114; x_wconf 89' lang='lat' dir='ltr'><strong>modum</strong></span> <span class='ocrx_word' id='word_1_117' title='bbox 694 2050 860 2113; x_wconf 86' lang='lat' dir='ltr'><strong>elisionem</strong></span> <span class='ocrx_word' id='word_1_118' title='bbox 883 2071 1045 2114; x_wconf 89' lang='lat' dir='ltr'><strong>consonae</strong></span> <span class='ocrx_word' id='word_1_119' title='bbox 1069 2053 1251 2135; x_wconf 77' lang='grc' dir='ltr'><em>(ἐξαίρεσιν)</em></span> 
     </span>
     <span class='ocr_line' id='line_1_18' title="bbox 139 2149 1250 2238; baseline 0.001 -22"><span class='ocrx_word' id='word_1_120' title='bbox 139 2163 168 2216; x_wconf 89' lang='lat' dir='ltr'><strong>et</strong></span> <span class='ocrx_word' id='word_1_121' title='bbox 182 2154 297 2217; x_wconf 90' lang='lat' dir='ltr'><strong>vocalis</strong></span> <span class='ocrx_word' id='word_1_122' title='bbox 317 2149 512 2238; x_wconf 83' lang='grc' dir='ltr'><em>(συγκοπήν)</em></span> <span class='ocrx_word' id='word_1_123' title='bbox 520 2153 637 2232; x_wconf 86' lang='lat' dir='ltr'><strong>ibycus</strong></span> <span class='ocrx_word' id='word_1_124' title='bbox 657 2154 785 2214; x_wconf 89' lang='lat' dir='ltr'><strong>admisit</strong></span> <span class='ocrx_word' id='word_1_125' title='bbox 800 2154 830 2214; x_wconf 92' lang='lat' dir='ltr'><strong>in</strong></span> <span class='ocrx_word' id='word_1_126' title='bbox 849 2153 950 2216; x_wconf 88' lang='lat' dir='ltr'><strong>tribus</strong></span> <span class='ocrx_word' id='word_1_127' title='bbox 966 2153 1131 2217; x_wconf 88' lang='lat' dir='ltr'><strong>vocabulis</strong></span> <span class='ocrx_word' id='word_1_128' title='bbox 1149 2155 1250 2218; x_wconf 92' lang='lat' dir='ltr'><strong>hisce:</strong></span> 
     </span>
     <span class='ocr_line' id='line_1_19' title="bbox 217 2254 1251 2339; baseline 0 -21"><span class='ocrx_word' id='word_1_129' title='bbox 217 2278 252 2332; x_wconf 80' lang='lat' dir='ltr'><strong>a,</strong></span> <span class='ocrx_word' id='word_1_130' title='bbox 275 2257 437 2339; x_wconf 77' lang='grc' dir='ltr'><strong><em>ἐξαίρεσιν</em></strong></span> <span class='ocrx_word' id='word_1_131' title='bbox 459 2257 490 2316; x_wconf 92' lang='lat' dir='ltr'><strong>in</strong></span> <span class='ocrx_word' id='word_1_132' title='bbox 513 2255 547 2316; x_wconf 89' lang='lat' dir='ltr'><strong>lr.</strong></span> <span class='ocrx_word' id='word_1_133' title='bbox 572 2269 625 2335; x_wconf 83' lang='lat'><strong>53:</strong></span> <span class='ocrx_word' id='word_1_134' title='bbox 657 2255 834 2339; x_wconf 75' lang='grc' dir='ltr'><em>διέφρασαι</em></span> <span class='ocrx_word' id='word_1_135' title='bbox 860 2275 919 2337; x_wconf 93' lang='lat' dir='ltr'><strong>pro</strong></span> <span class='ocrx_word' id='word_1_136' title='bbox 946 2254 1160 2339; x_wconf 82' lang='grc' dir='ltr'><em>διέφθαρσαι;</em></span> <span class='ocrx_word' id='word_1_137' title='bbox 1192 2259 1251 2338; x_wconf 91' lang='lat' dir='ltr'><strong>pri-</strong></span> 
     </span>
    </p>
   </div>
   <div class='ocr_carea' id='block_1_7' title="bbox 45 2357 1365 2542">
    <p class='ocr_par' dir='ltr' id='par_1_9' title="bbox 45 2357 1365 2542">
     <span class='ocr_line' id='line_1_20' title="bbox 45 2357 1250 2442; baseline 0.003 -21"><span class='ocrx_word' id='word_1_138' title='bbox 45 2406 48 2421; x_wconf 92' lang='lat'><strong>.</strong></span> <span class='ocrx_word' id='word_1_139' title='bbox 140 2377 222 2420; x_wconf 92' lang='lat' dir='ltr'><strong>mum</strong></span> <span class='ocrx_word' id='word_1_140' title='bbox 249 2367 298 2421; x_wconf 90' lang='lat' dir='ltr'><strong>est</strong></span> <span class='ocrx_word' id='word_1_141' title='bbox 327 2358 497 2420; x_wconf 87' lang='lat' dir='ltr'><strong>statuenda</strong></span> <span class='ocrx_word' id='word_1_142' title='bbox 525 2357 712 2421; x_wconf 89' lang='lat' dir='ltr'><strong>metathesis</strong></span> <span class='ocrx_word' id='word_1_143' title='bbox 736 2359 951 2442; x_wconf 80' lang='grc' dir='ltr'><em>άιέφθρασαι,</em></span> <span class='ocrx_word' id='word_1_144' title='bbox 980 2367 1048 2420; x_wconf 91' lang='lat' dir='ltr'><strong>tum</strong></span> <span class='ocrx_word' id='word_1_145' title='bbox 1077 2357 1164 2421; x_wconf 91' lang='lat' dir='ltr'><strong>elisio</strong></span> <span class='ocrx_word' id='word_1_146' title='bbox 1188 2359 1250 2425; x_wconf 80' lang='grc' dir='ltr'><em>διέ-</em></span> 
     </span>
     <span class='ocr_line' id='line_1_21' title="bbox 141 2460 1365 2542; baseline -0.002 -17"><span class='ocrx_word' id='word_1_147' title='bbox 141 2477 257 2542; x_wconf 82' lang='grc' dir='ltr'><em>φρασαι</em></span> <span class='ocrx_word' id='word_1_148' title='bbox 279 2481 385 2542; x_wconf 90' lang='lat' dir='ltr'><strong>neque</strong></span> <span class='ocrx_word' id='word_1_149' title='bbox 406 2461 574 2539; x_wconf 88' lang='lat' dir='ltr'><strong>probanda</strong></span> <span class='ocrx_word' id='word_1_150' title='bbox 596 2461 797 2540; x_wconf 84' lang='lat' dir='ltr'><strong>grammatici</strong></span> <span class='ocrx_word' id='word_1_151' title='bbox 816 2461 925 2540; x_wconf 89' lang='lat' dir='ltr'><strong>Etym.</strong></span> <span class='ocrx_word' id='word_1_152' title='bbox 942 2460 984 2520; x_wconf 93' lang='lat' dir='ltr'><strong>M.</strong></span> <span class='ocrx_word' id='word_1_153' title='bbox 1008 2463 1176 2539; x_wconf 89' lang='lat' dir='ltr'><strong>sententia,</strong></span> <span class='ocrx_word' id='word_1_154' title='bbox 1199 2463 1251 2542; x_wconf 91' lang='lat' dir='ltr'><strong>qui</strong></span> <span class='ocrx_word' id='word_1_155' title='bbox 1364 2461 1365 2464; x_wconf 69' lang='grc'>’</span> 
     </span>
    </p>
   </div>
   <div class='ocr_carea' id='block_1_8' title="bbox 46 2556 1252 3056">
    <p class='ocr_par' dir='ltr' id='par_1_10' title="bbox 46 2556 1251 2749">
     <span class='ocr_line' id='line_1_22' title="bbox 46 2556 1251 2646; baseline 0.002 -20"><span class='ocrx_word' id='word_1_156' title='bbox 46 2615 47 2626; x_wconf 75' lang='lat'><strong>.</strong></span> <span class='ocrx_word' id='word_1_157' title='bbox 140 2561 269 2641; x_wconf 90' lang='lat' dir='ltr'><strong>pn&#39;mum</strong></span> <span class='ocrx_word' id='word_1_158' title='bbox 292 2561 432 2646; x_wconf 71' lang='grc' dir='ltr'><em>ἔφαρσαι</em></span> <span class='ocrx_word' id='word_1_159' title='bbox 455 2559 540 2626; x_wconf 86' lang='grc' dir='ltr'><em>κατά</em></span> <span class='ocrx_word' id='word_1_160' title='bbox 562 2556 677 2636; x_wconf 81' lang='grc' dir='ltr'><em>ιιάθος</em></span> <span class='ocrx_word' id='word_1_161' title='bbox 703 2564 730 2639; x_wconf 83' lang='lat' dir='ltr'><strong>(i.</strong></span> <span class='ocrx_word' id='word_1_162' title='bbox 759 2583 785 2624; x_wconf 87' lang='lat' dir='ltr'><strong>e.</strong></span> <span class='ocrx_word' id='word_1_163' title='bbox 808 2560 980 2644; x_wconf 75' lang='grc' dir='ltr'><em>ἐξαίρεσιν)</em></span> <span class='ocrx_word' id='word_1_164' title='bbox 1008 2583 1051 2625; x_wconf 87' lang='lat' dir='ltr'><strong>ex</strong></span> <span class='ocrx_word' id='word_1_165' title='bbox 1073 2561 1251 2646; x_wconf 74' lang='grc' dir='ltr'><em>ἔφθαρσαι,</em></span> 
     </span>
     <span class='ocr_line' id='line_1_23' title="bbox 46 2660 1047 2749; baseline -0.003 -21"><span class='ocrx_word' id='word_1_166' title='bbox 46 2715 47 2723; x_wconf 63' lang='lat'><strong>.</strong></span> <span class='ocrx_word' id='word_1_167' title='bbox 140 2671 203 2728; x_wconf 86' lang='lat' dir='ltr'><strong>tum</strong></span> <span class='ocrx_word' id='word_1_168' title='bbox 224 2660 302 2732; x_wconf 81' lang='grc' dir='ltr'><em>καθ’</em></span> <span class='ocrx_word' id='word_1_169' title='bbox 327 2662 511 2749; x_wconf 72' lang='grc' dir='ltr'><em>ὑπέρθεσιν</em></span> <span class='ocrx_word' id='word_1_170' title='bbox 529 2661 670 2749; x_wconf 70' lang='lat' dir='ltr'><strong>ippodes</strong></span> <span class='ocrx_word' id='word_1_171' title='bbox 693 2663 811 2726; x_wconf 85' lang='lat' dir='ltr'><strong>factum</strong></span> <span class='ocrx_word' id='word_1_172' title='bbox 835 2683 906 2726; x_wconf 90' lang='lat' dir='ltr'><strong>esse</strong></span> <span class='ocrx_word' id='word_1_173' title='bbox 929 2673 1047 2727; x_wconf 91' lang='lat' dir='ltr'><strong>censet.</strong></span> 
     </span>
    </p>

    <p class='ocr_par' dir='ltr' id='par_1_11' title="bbox 46 2758 1252 3056">
     <span class='ocr_line' id='line_1_24' title="bbox 219 2758 1250 2852; baseline 0.002 -21"><span class='ocrx_word' id='word_1_174' title='bbox 219 2770 258 2845; x_wconf 89' lang='lat' dir='ltr'><strong>b.,</strong></span> <span class='ocrx_word' id='word_1_175' title='bbox 290 2764 462 2852; x_wconf 81' lang='grc' dir='ltr'><em>συγκοπήν</em></span> <span class='ocrx_word' id='word_1_176' title='bbox 489 2769 520 2828; x_wconf 91' lang='lat' dir='ltr'><strong>in</strong></span> <span class='ocrx_word' id='word_1_177' title='bbox 549 2766 584 2830; x_wconf 88' lang='lat' dir='ltr'><strong>fr.</strong></span> <span class='ocrx_word' id='word_1_178' title='bbox 614 2779 668 2847; x_wconf 82' lang='lat'><strong>54:</strong></span> <span class='ocrx_word' id='word_1_179' title='bbox 695 2759 820 2849; x_wconf 81' lang='grc' dir='ltr'><em>ἤλσατο</em></span> <span class='ocrx_word' id='word_1_180' title='bbox 847 2769 928 2845; x_wconf 84' lang='grc' dir='ltr'><em>βοῦς</em></span> <span class='ocrx_word' id='word_1_181' title='bbox 950 2758 1076 2846; x_wconf 70' lang='grc' dir='ltr'><em>Ἴβυκος</em></span> <span class='ocrx_word' id='word_1_182' title='bbox 1097 2765 1187 2851; x_wconf 80' lang='grc' dir='ltr'><em>παρὰ</em></span> <span class='ocrx_word' id='word_1_183' title='bbox 1209 2766 1250 2834; x_wconf 87' lang='grc' dir='ltr'><strong>τὸ</strong></span> 
     </span>
     <span class='ocr_line' id='line_1_25' title="bbox 46 2861 1252 2954; baseline 0.001 -22"><span class='ocrx_word' id='word_1_184' title='bbox 46 2897 47 2911; x_wconf 53' lang='lat'>¹</span> <span class='ocrx_word' id='word_1_185' title='bbox 142 2863 279 2952; x_wconf 78' lang='grc' dir='ltr'><em>ἠλάσατο</em></span> <span class='ocrx_word' id='word_1_186' title='bbox 298 2870 360 2951; x_wconf 88' lang='lat' dir='ltr'><strong>(Et.</strong></span> <span class='ocrx_word' id='word_1_187' title='bbox 378 2871 420 2932; x_wconf 90' lang='lat' dir='ltr'><strong>M.</strong></span> <span class='ocrx_word' id='word_1_188' title='bbox 432 2885 502 2949; x_wconf 82' lang='lat'>273,</span> <span class='ocrx_word' id='word_1_189' title='bbox 513 2874 577 2950; x_wconf 86' lang='lat'>24);</span> <span class='ocrx_word' id='word_1_190' title='bbox 595 2869 712 2950; x_wconf 88' lang='lat' dir='ltr'><strong>Ibycus</strong></span> <span class='ocrx_word' id='word_1_191' title='bbox 731 2870 826 2949; x_wconf 86' lang='lat' dir='ltr'><strong>igitur</strong></span> <span class='ocrx_word' id='word_1_192' title='bbox 843 2861 969 2954; x_wconf 79' lang='grc' dir='ltr'><em>ἢλοατο</em></span> <span class='ocrx_word' id='word_1_193' title='bbox 988 2872 1101 2932; x_wconf 88' lang='lat' dir='ltr'><strong>eadem</strong></span> <span class='ocrx_word' id='word_1_194' title='bbox 1120 2873 1252 2934; x_wconf 91' lang='lat' dir='ltr'><strong>notione</strong></span> 
     </span>
     <span class='ocr_line' id='line_1_26' title="bbox 46 2966 1252 3056; baseline -0.002 -18"><span class='ocrx_word' id='word_1_195' title='bbox 46 3011 48 3041; x_wconf 65' lang='lat' dir='ltr'><strong>r</strong></span> <span class='ocrx_word' id='word_1_196' title='bbox 141 2977 241 3051; x_wconf 86' lang='lat' dir='ltr'><strong>posuit</strong></span> <span class='ocrx_word' id='word_1_197' title='bbox 266 2995 330 3055; x_wconf 92' lang='lat' dir='ltr'><strong>qua</strong></span> <span class='ocrx_word' id='word_1_198' title='bbox 352 2973 514 3036; x_wconf 91' lang='lat' dir='ltr'><strong>Homerus</strong></span> <span class='ocrx_word' id='word_1_199' title='bbox 537 2966 684 3056; x_wconf 79' lang='grc' dir='ltr'><em>ἠλάσατο</em></span> <span class='ocrx_word' id='word_1_200' title='bbox 708 2972 756 3052; x_wconf 87' lang='lat' dir='ltr'><strong>(cf.</strong></span> <span class='ocrx_word' id='word_1_201' title='bbox 781 2971 842 3035; x_wconf 91' lang='lat' dir='ltr'><strong>Od.</strong></span> <span class='ocrx_word' id='word_1_202' title='bbox 869 2993 896 3046; x_wconf 91' lang='grc' dir='ltr'><strong>ν,</strong></span> <span class='ocrx_word' id='word_1_203' title='bbox 921 2987 974 3052; x_wconf 86' lang='lat'><strong>51:</strong></span> <span class='ocrx_word' id='word_1_204' title='bbox 997 2969 1131 3038; x_wconf 79' lang='grc' dir='ltr'><em>ἐλάσαιο</em></span> <span class='ocrx_word' id='word_1_205' title='bbox 1150 2972 1252 3055; x_wconf 80' lang='grc' dir='ltr'><em>βόας).</em></span> 
     </span>
    </p>
   </div>
   <div class='ocr_carea' id='block_1_9' title="bbox 47 3068 1350 3463">
    <p class='ocr_par' dir='ltr' id='par_1_12' title="bbox 47 3068 1350 3463">
     <span class='ocr_line' id='line_1_27' title="bbox 47 3068 1350 3160; baseline 0.006 -26"><span class='ocrx_word' id='word_1_206' title='bbox 47 3145 48 3160; x_wconf 23' lang='grc' dir='ltr'><em>ρ</em></span> <span class='ocrx_word' id='word_1_207' title='bbox 141 3073 246 3138; x_wconf 87' lang='lat' dir='ltr'><strong>Parem</strong></span> <span class='ocrx_word' id='word_1_208' title='bbox 269 3075 406 3138; x_wconf 82' lang='lat' dir='ltr'><strong>sormam</strong></span> <span class='ocrx_word' id='word_1_209' title='bbox 429 3075 538 3154; x_wconf 89' lang='lat' dir='ltr'><strong>Etym.</strong></span> <span class='ocrx_word' id='word_1_210' title='bbox 563 3074 605 3134; x_wconf 88' lang='lat' dir='ltr'><strong>M.</strong></span> <span class='ocrx_word' id='word_1_211' title='bbox 628 3074 784 3136; x_wconf 87' lang='lat' dir='ltr'><strong>Simonidi</strong></span> <span class='ocrx_word' id='word_1_212' title='bbox 803 3073 941 3154; x_wconf 87' lang='lat' dir='ltr'><strong>Amorg.</strong></span> <span class='ocrx_word' id='word_1_213' title='bbox 958 3073 1005 3148; x_wconf 83' lang='lat' dir='ltr'><strong>(fr.</strong></span> <span class='ocrx_word' id='word_1_214' title='bbox 1032 3077 1081 3154; x_wconf 90' lang='grc'><strong>17)</strong></span> <span class='ocrx_word' id='word_1_215' title='bbox 1103 3069 1251 3159; x_wconf 81' lang='grc' dir='ltr'><em>ἠλσάμην</em></span> <span class='ocrx_word' id='word_1_216' title='bbox 1322 3068 1350 3142; x_wconf 57' lang='grc' dir='ltr'><em>ᾗ</em></span> 
     </span>
     <span class='ocr_line' id='line_1_28' title="bbox 48 3176 1250 3259; baseline 0.002 -23.998"><span class='ocrx_word' id='word_1_217' title='bbox 48 3214 54 3256; x_wconf 72' lang='lat' dir='ltr'><strong>t</strong></span> <span class='ocrx_word' id='word_1_218' title='bbox 142 3176 251 3243; x_wconf 89' lang='lat' dir='ltr'><strong>tribuit.</strong></span> <span class='ocrx_word' id='word_1_219' title='bbox 299 3176 405 3259; x_wconf 85' lang='lat' dir='ltr'><strong>Quam</strong></span> <span class='ocrx_word' id='word_1_220' title='bbox 428 3179 469 3238; x_wconf 89' lang='lat' dir='ltr'><strong>ad</strong></span> <span class='ocrx_word' id='word_1_221' title='bbox 492 3187 658 3256; x_wconf 92' lang='lat' dir='ltr'><strong>syncopen</strong></span> <span class='ocrx_word' id='word_1_222' title='bbox 681 3183 796 3256; x_wconf 85' lang='lat' dir='ltr'><strong>po&#39;etas</strong></span> <span class='ocrx_word' id='word_1_223' title='bbox 818 3176 954 3237; x_wconf 89' lang='lat' dir='ltr'><strong>aoristus</strong></span> <span class='ocrx_word' id='word_1_224' title='bbox 977 3184 1037 3237; x_wconf 89' lang='lat' dir='ltr'><strong>act.</strong></span> <span class='ocrx_word' id='word_1_225' title='bbox 1060 3178 1137 3240; x_wconf 79' lang='grc' dir='ltr'><em>ἔλσα</em></span> <span class='ocrx_word' id='word_1_226' title='bbox 1159 3177 1250 3239; x_wconf 91' lang='lat' dir='ltr'><strong>verbi</strong></span> 
     </span>
     <span class='ocr_line' id='line_1_29' title="bbox 48 3277 1250 3364; baseline -0.002 -23"><span class='ocrx_word' id='word_1_227' title='bbox 48 3309 50 3364; x_wconf 54' lang='grc' dir='ltr'><em>χ</em></span> <span class='ocrx_word' id='word_1_228' title='bbox 143 3277 225 3356; x_wconf 73' lang='lat' dir='ltr'><strong>silon,</strong></span> <span class='ocrx_word' id='word_1_229' title='bbox 256 3283 309 3360; x_wconf 92' lang='lat' dir='ltr'><strong>qui</strong></span> <span class='ocrx_word' id='word_1_230' title='bbox 336 3280 421 3360; x_wconf 88' lang='lat' dir='ltr'><strong>apud</strong></span> <span class='ocrx_word' id='word_1_231' title='bbox 448 3279 628 3342; x_wconf 90' lang='lat' dir='ltr'><strong>Homerum</strong></span> <span class='ocrx_word' id='word_1_232' title='bbox 659 3297 888 3358; x_wconf 89' lang='lat' dir='ltr'><strong>nonnunquam</strong></span> <span class='ocrx_word' id='word_1_233' title='bbox 921 3279 969 3355; x_wconf 81' lang='lat' dir='ltr'><strong>(A,</strong></span> <span class='ocrx_word' id='word_1_234' title='bbox 1000 3293 1078 3358; x_wconf 82' lang='lat'>4093</span> <span class='ocrx_word' id='word_1_235' title='bbox 1111 3282 1149 3352; x_wconf 87' lang='grc' dir='ltr'><strong>Λ,</strong></span> <span class='ocrx_word' id='word_1_236' title='bbox 1175 3281 1250 3357; x_wconf 87' lang='lat'>413)</span> 
     </span>
     <span class='ocr_line' id='line_1_30' title="bbox 50 3381 1251 3463; baseline -0.004 -13"><span class='ocrx_word' id='word_1_237' title='bbox 50 3408 54 3450; x_wconf 72' lang='lat' dir='ltr'><strong>r</strong></span> <span class='ocrx_word' id='word_1_238' title='bbox 142 3401 236 3461; x_wconf 87' lang='lat' dir='ltr'><strong>paene</strong></span> <span class='ocrx_word' id='word_1_239' title='bbox 263 3385 380 3447; x_wconf 84' lang='lat' dir='ltr'><strong>eodem</strong></span> <span class='ocrx_word' id='word_1_240' title='bbox 410 3403 504 3445; x_wconf 92' lang='lat' dir='ltr'><strong>sensu</strong></span> <span class='ocrx_word' id='word_1_241' title='bbox 533 3381 715 3457; x_wconf 87' lang='lat' dir='ltr'><strong>exhibetur,</strong></span> <span class='ocrx_word' id='word_1_242' title='bbox 748 3383 941 3462; x_wconf 88' lang='lat' dir='ltr'><strong>perduxisse</strong></span> <span class='ocrx_word' id='word_1_243' title='bbox 971 3383 1110 3456; x_wconf 92' lang='lat' dir='ltr'><strong>videtur;</strong></span> <span class='ocrx_word' id='word_1_244' title='bbox 1140 3391 1251 3463; x_wconf 88' lang='lat' dir='ltr'><strong>aperte</strong></span> 
     </span>
    </p>
   </div>
   <div class='ocr_carea' id='block_1_10' title="bbox 50 3463 1313 4286">
    <p class='ocr_par' dir='ltr' id='par_1_13' title="bbox 50 3463 1313 4286">
     <span class='ocr_line' id='line_1_31' title="bbox 50 3463 1250 3568; baseline 0.006 -26"><span class='ocrx_word' id='word_1_245' title='bbox 50 3463 51 3500; x_wconf 63' lang='lat'>³</span> <span class='ocrx_word' id='word_1_246' title='bbox 142 3483 190 3544; x_wconf 93' lang='lat' dir='ltr'><strong>illo</strong></span> <span class='ocrx_word' id='word_1_247' title='bbox 211 3506 318 3548; x_wconf 88' lang='lat' dir='ltr'><strong>errore</strong></span> <span class='ocrx_word' id='word_1_248' title='bbox 340 3483 480 3546; x_wconf 90' lang='lat' dir='ltr'><strong>imbutus</strong></span> <span class='ocrx_word' id='word_1_249' title='bbox 504 3493 570 3547; x_wconf 88' lang='lat' dir='ltr'><strong>erat</strong></span> <span class='ocrx_word' id='word_1_250' title='bbox 593 3485 693 3549; x_wconf 89' lang='lat' dir='ltr'><strong>schol.</strong></span> <span class='ocrx_word' id='word_1_251' title='bbox 711 3483 819 3564; x_wconf 88' lang='lat' dir='ltr'><strong>Apoll.</strong></span> <span class='ocrx_word' id='word_1_252' title='bbox 839 3483 946 3546; x_wconf 88' lang='lat' dir='ltr'><strong>Rhod.</strong></span> <span class='ocrx_word' id='word_1_253' title='bbox 965 3485 986 3558; x_wconf 92' lang='lat' dir='ltr'><strong>l,</strong></span> <span class='ocrx_word' id='word_1_254' title='bbox 1009 3499 1100 3564; x_wconf 85' lang='lat'>1247:</span> <span class='ocrx_word' id='word_1_255' title='bbox 1123 3519 1165 3530; x_wconf 90' lang='lat'><strong>—-</strong></span> <span class='ocrx_word' id='word_1_256' title='bbox 1182 3482 1250 3568; x_wconf 79' lang='grc' dir='ltr'><strong>πρὸ</strong></span> 
     </span>
     <span class='ocr_line' id='line_1_32' title="bbox 51 3580 1313 3673; baseline 0.001 -23"><span class='ocrx_word' id='word_1_257' title='bbox 51 3639 52 3650; x_wconf 75' lang='lat'><strong>.</strong></span> <span class='ocrx_word' id='word_1_258' title='bbox 142 3583 198 3670; x_wconf 81' lang='grc' dir='ltr'><strong>γάρ</strong></span> <span class='ocrx_word' id='word_1_259' title='bbox 220 3585 317 3654; x_wconf 82' lang='grc' dir='ltr'><em>αὐτοὶ</em></span> <span class='ocrx_word' id='word_1_260' title='bbox 340 3589 388 3655; x_wconf 79' lang='grc' dir='ltr'><em>ἐνὶ</em></span> <span class='ocrx_word' id='word_1_261' title='bbox 417 3593 597 3671; x_wconf 79' lang='grc' dir='ltr'><em>σταθμοῖσι</em></span> <span class='ocrx_word' id='word_1_262' title='bbox 624 3590 746 3673; x_wconf 81' lang='grc' dir='ltr'><em>νομῆες</em></span> <span class='ocrx_word' id='word_1_263' title='bbox 765 3580 891 3666; x_wconf 57' lang='lat' dir='ltr'><strong>&#39;Hirtam</strong></span> <span class='ocrx_word' id='word_1_264' title='bbox 918 3587 971 3668; x_wconf 93' lang='lat' dir='ltr'><strong>qui</strong></span> <span class='ocrx_word' id='word_1_265' title='bbox 996 3585 1063 3670; x_wconf 77' lang='grc' dir='ltr'><strong>πρὸ</strong></span> <span class='ocrx_word' id='word_1_266' title='bbox 1087 3624 1127 3634; x_wconf 91' lang='grc'><strong>-</strong></span> <span class='ocrx_word' id='word_1_267' title='bbox 1151 3585 1250 3652; x_wconf 73' lang='grc' dir='ltr'><em>ἔλσαν</em></span> <span class='ocrx_word' id='word_1_268' title='bbox 1311 3632 1313 3636; x_wconf 90' lang='grc'><strong>-</strong></span> 
     </span>
     <span class='ocr_line' id='line_1_33' title="bbox 52 3688 1250 3778; baseline 0.004 -30"><span class='ocrx_word' id='word_1_269' title='bbox 52 3717 53 3774; x_wconf 64' lang='lat'>3</span> <span class='ocrx_word' id='word_1_270' title='bbox 142 3708 196 3768; x_wconf 93' lang='lat' dir='ltr'><strong>pro</strong></span> <span class='ocrx_word' id='word_1_271' title='bbox 225 3688 420 3778; x_wconf 80' lang='grc' dir='ltr'><em>προήλασαν</em></span> <span class='ocrx_word' id='word_1_272' title='bbox 451 3692 571 3752; x_wconf 89' lang='lat' dir='ltr'><strong>dictum</strong></span> <span class='ocrx_word' id='word_1_273' title='bbox 603 3711 675 3753; x_wconf 90' lang='lat' dir='ltr'><strong>esse</strong></span> <span class='ocrx_word' id='word_1_274' title='bbox 707 3690 884 3771; x_wconf 88' lang='lat' dir='ltr'><strong>profitetur.</strong></span> <span class='ocrx_word' id='word_1_275' title='bbox 935 3690 1149 3753; x_wconf 90' lang='lat' dir='ltr'><strong>Consimiliter</strong></span> <span class='ocrx_word' id='word_1_276' title='bbox 1180 3690 1250 3753; x_wconf 89' lang='lat' dir='ltr'><strong>illas</strong></span> 
     </span>
     <span class='ocr_line' id='line_1_34' title="bbox 52 3777 1250 3877; baseline 0.004 -26"><span class='ocrx_word' id='word_1_277' title='bbox 52 3777 53 3820; x_wconf 49' lang='lat' dir='ltr'><strong>i</strong></span> <span class='ocrx_word' id='word_1_278' title='bbox 143 3790 260 3870; x_wconf 89' lang='lat' dir='ltr'><strong>glossas</strong></span> <span class='ocrx_word' id='word_1_279' title='bbox 283 3795 462 3857; x_wconf 85' lang='lat' dir='ltr'><strong>homericas</strong></span> <span class='ocrx_word' id='word_1_280' title='bbox 485 3793 625 3873; x_wconf 89' lang='lat' dir='ltr'><strong>explicat</strong></span> <span class='ocrx_word' id='word_1_281' title='bbox 643 3793 838 3873; x_wconf 88' lang='lat' dir='ltr'><strong>Hesychius:</strong></span> <span class='ocrx_word' id='word_1_282' title='bbox 862 3790 960 3858; x_wconf 76' lang='grc' dir='ltr'><em>ἔλσαν</em></span> <span class='ocrx_word' id='word_1_283' title='bbox 975 3797 1026 3873; x_wconf 80' lang='grc' dir='ltr'><strong>(Δ,</strong></span> <span class='ocrx_word' id='word_1_284' title='bbox 1043 3793 1135 3873; x_wconf 64' lang='grc'>413)</span> <span class='ocrx_word' id='word_1_285' title='bbox 1155 3789 1250 3877; x_wconf 82' lang='grc' dir='ltr'><em>συνή-</em></span> 
     </span>
     <span class='ocr_line' id='line_1_35' title="bbox 143 3891 1171 3979; baseline 0.006 -25"><span class='ocrx_word' id='word_1_286' title='bbox 143 3895 239 3960; x_wconf 90' lang='grc' dir='ltr'><em>λασαν</em></span> <span class='ocrx_word' id='word_1_287' title='bbox 262 3907 294 3960; x_wconf 92' lang='lat' dir='ltr'><strong>et</strong></span> <span class='ocrx_word' id='word_1_288' title='bbox 316 3893 407 3960; x_wconf 78' lang='grc' dir='ltr'><em>ἔλσαι</em></span> <span class='ocrx_word' id='word_1_289' title='bbox 429 3897 482 3975; x_wconf 85' lang='grc' dir='ltr'><strong>(Α,</strong></span> <span class='ocrx_word' id='word_1_290' title='bbox 503 3899 578 3975; x_wconf 81' lang='grc'>409)</span> <span class='ocrx_word' id='word_1_291' title='bbox 600 3906 740 3977; x_wconf 80' lang='grc' dir='ltr'><em>σνσχεῑν,</em></span> <span class='ocrx_word' id='word_1_292' title='bbox 763 3891 951 3970; x_wconf 86' lang='grc' dir='ltr'><em>συνελάσαι,</em></span> <span class='ocrx_word' id='word_1_293' title='bbox 974 3899 1171 3979; x_wconf 82' lang='grc' dir='ltr'><em>συγκλεῖσαι.</em></span> 
     </span>
     <span class='ocr_line' id='line_1_36' title="bbox 221 3994 1251 4078; baseline 0.004 -20"><span class='ocrx_word' id='word_1_294' title='bbox 221 3997 321 4061; x_wconf 92' lang='lat' dir='ltr'><strong>Porro</strong></span> <span class='ocrx_word' id='word_1_295' title='bbox 347 3997 457 4078; x_wconf 89' lang='lat' dir='ltr'><strong>Etym.</strong></span> <span class='ocrx_word' id='word_1_296' title='bbox 483 3997 527 4059; x_wconf 84' lang='lat' dir='ltr'><strong>M.</strong></span> <span class='ocrx_word' id='word_1_297' title='bbox 560 3999 666 4077; x_wconf 83' lang='lat'><em>163,8</em></span> <span class='ocrx_word' id='word_1_298' title='bbox 693 4005 725 4060; x_wconf 92' lang='lat' dir='ltr'><strong>et</strong></span> <span class='ocrx_word' id='word_1_299' title='bbox 751 3997 861 4076; x_wconf 89' lang='lat' dir='ltr'><strong>Etym.</strong></span> <span class='ocrx_word' id='word_1_300' title='bbox 889 3995 972 4062; x_wconf 88' lang='lat' dir='ltr'><strong>Gud.</strong></span> <span class='ocrx_word' id='word_1_301' title='bbox 996 3999 1044 4077; x_wconf 86' lang='lat'><strong>89,</strong></span> <span class='ocrx_word' id='word_1_302' title='bbox 1069 4015 1104 4077; x_wconf 88' lang='lat'><strong>31</strong></span> <span class='ocrx_word' id='word_1_303' title='bbox 1132 3994 1180 4076; x_wconf 78' lang='lat' dir='ltr'><strong>(cs.</strong></span> <span class='ocrx_word' id='word_1_304' title='bbox 1205 3997 1251 4062; x_wconf 90' lang='lat' dir='ltr'><strong>lb.</strong></span> 
     </span>
     <span class='ocr_line' id='line_1_37' title="bbox 144 4092 1251 4184; baseline 0.002 -24"><span class='ocrx_word' id='word_1_305' title='bbox 144 4092 175 4154; x_wconf 80' lang='lat' dir='ltr'><strong>fr.</strong></span> <span class='ocrx_word' id='word_1_306' title='bbox 197 4107 245 4176; x_wconf 87' lang='lat'><strong>51)</strong></span> <span class='ocrx_word' id='word_1_307' title='bbox 276 4101 488 4182; x_wconf 92' lang='lat' dir='ltr'><strong>praecipiunt:</strong></span> <span class='ocrx_word' id='word_1_308' title='bbox 518 4093 707 4183; x_wconf 79' lang='grc' dir='ltr'><em>Ἅτερτινος·</em></span> <span class='ocrx_word' id='word_1_309' title='bbox 736 4094 754 4164; x_wconf 89' lang='grc' dir='ltr'>ὁ</span> <span class='ocrx_word' id='word_1_310' title='bbox 783 4093 952 4184; x_wconf 80' lang='grc' dir='ltr'><em>άχρνιινος</em></span> <span class='ocrx_word' id='word_1_311' title='bbox 977 4097 1067 4182; x_wconf 79' lang='grc' dir='ltr'><em>παρὰ</em></span> <span class='ocrx_word' id='word_1_312' title='bbox 1086 4097 1251 4184; x_wconf 79' lang='grc' dir='ltr'><em>Ῥηγίνοις,</em></span> 
     </span>
     <span class='ocr_line' id='line_1_38' title="bbox 144 4189 1254 4286; baseline 0.004 -24"><span class='ocrx_word' id='word_1_313' title='bbox 144 4189 185 4272; x_wconf 79' lang='grc' dir='ltr'><strong>ὡς</strong></span> <span class='ocrx_word' id='word_1_314' title='bbox 198 4223 261 4285; x_wconf 83' lang='grc' dir='ltr'><strong>παρ</strong></span> <span class='ocrx_word' id='word_1_315' title='bbox 284 4197 398 4286; x_wconf 81' lang='grc' dir='ltr'><em>Ἰβύκηι</em></span> <span class='ocrx_word' id='word_1_316' title='bbox 414 4202 469 4266; x_wconf 89' lang='grc' dir='ltr'><strong>καὶ</strong></span> <span class='ocrx_word' id='word_1_317' title='bbox 480 4196 687 4285; x_wconf 77' lang='grc' dir='ltr'><em>Στησιχόρην</em></span> <span class='ocrx_word' id='word_1_318' title='bbox 707 4197 777 4265; x_wconf 69' lang='grc' dir='ltr'><em>ἔστι</em></span> <span class='ocrx_word' id='word_1_319' title='bbox 795 4195 865 4264; x_wconf 82' lang='grc' dir='ltr'><em>κατ’</em></span> <span class='ocrx_word' id='word_1_320' title='bbox 881 4198 1051 4265; x_wconf 75' lang='grc' dir='ltr'><em>ἐντέλειαν</em></span> <span class='ocrx_word' id='word_1_321' title='bbox 1067 4195 1254 4283; x_wconf 76' lang='grc' dir='ltr'><em>άτέρυπνος</em></span> 
     </span>
    </p>
   </div>
   <div class='ocr_carea' id='block_1_11' title="bbox 0 0 1534 4804">
    <p class='ocr_par' dir='ltr' id='par_1_14' title="bbox 0 0 1534 4804">
     <span class='ocr_line' id='line_1_39' title="bbox 0 0 1534 4804; baseline 0 0"><span class='ocrx_word' id='word_1_322' title='bbox 0 0 1534 4804; x_wconf 95' lang='lat' dir='ltr'><strong> </strong></span> 
     </span>
    </p>
   </div>
  </div>
 </body>
</html>
