3042 4804
631 230 820 293 ..91-

257 379 305 455 V.,
328 381 358 442 in
381 381 513 443 vocibus
545 401 753 463 quaecunque
781 392 836 445 aut
858 405 876 445 a
899 383 922 444 I.
946 382 1022 445 decl.
1046 382 1209 446 vocabulis
1232 391 1286 446 aut

171 501 190 543 a
212 482 385 544 verborum
408 483 559 564 stirpibus
586 484 617 545 in
640 507 661 548 α
682 485 876 548 exeuntibus
900 485 1115 548 descendunt:
1145 483 1223 548 Sim.
1248 498 1285 563 53

172 578 332 648 δινάεντα
354 583 468 651 Bacch.
492 599 529 665 35
562 581 743 666 φωνάεντα
765 586 811 652 Ib.
835 589 860 650 8
881 591 982 670 φάμις
1008 585 1085 651 Sim.
1107 603 1129 663 4
1149 589 1287 670 μνᾶστις

77 761 80 766 ¹
172 685 301 767 Lampr.
325 702 342 748 2
366 687 556 768 saepiusque
578 688 667 751 Pind.
690 689 795 768 (Peter
817 711 847 772 p.
869 692 900 770 9)
922 685 1074 764 ποτανός
1095 688 1178 751 Prat.
1201 689 1223 767 1,
1250 703 1285 767 13

171 783 318 866 -βάτας
339 788 462 852 Eumel.
476 783 650 878 Ἰθωμάτᾳ.

257 888 322 970 VI,
344 892 375 952 in
398 893 651 974 compositorum
676 895 776 974 partis
799 896 958 956 secundae
980 894 1081 956 vocali
1103 893 1220 968 initiali,
1242 894 1287 955 uti

172 985 353 1076 ἀρχαγέτας
381 999 422 1068 (v.
444 994 539 1058 Peter
564 1015 596 1075 p.
617 998 657 1076 9).
685 994 767 1058 Stes.
798 994 833 1058 ir.
857 1009 894 1076 35
928 992 1148 1078 λιπεσάνορας
1180 995 1288 1074 vulgo,

172 1096 231 1156 sed
254 1091 477 1158 Schneidewin
507 1096 612 1170 (Beitr.
635 1117 660 1157 z.
683 1097 764 1160 Krit.
788 1100 818 1161 d.
842 1099 874 1163 P.
897 1099 966 1178 lyr.)
995 1095 1196 1182 λιπεσάονας
1222 1099 1238 1158 i.
1262 1119 1287 1161 e.

173 1191 373 1282 λιπεσήορας
395 1217 438 1260 ex
460 1199 533 1262 cod.
556 1198 588 1260 V
611 1199 766 1280 scriptura
788 1201 985 1284 λιπεσίορας.

260 1296 338 1374 VII.,
360 1299 391 1360 in
414 1299 588 1375 adverbiis,
617 1321 699 1381 quae
721 1301 819 1382 vulgo
842 1303 873 1364 in
896 1337 937 1348 -
960 1307 979 1384 ή
1002 1304 1129 1368 cadunt.
1156 1301 1289 1364 Praesto
1399 1329 1401 1334 ¹

174 1408 224 1462 est
246 1401 371 1463 unicum
392 1411 522 1483 praeter
542 1402 708 1466 Pindarica
730 1403 914 1484 exemplum
937 1393 1022 1491 ᾇπερ
1045 1403 1091 1466 Ib.
1114 1420 1142 1483 3.

260 1501 355 1579 VIII,
377 1505 413 1566 'in
443 1505 645 1586 compositis·
673 1525 809 1586 quorum
838 1509 925 1588 prior
951 1527 1025 1587 pars
1048 1507 1079 1568 in
1100 1529 1120 1590 η
1142 1525 1202 1587 pro
1224 1505 1290 1566 vul·

175 1607 243 1684 gari
267 1627 285 1670 ο
308 1607 471 1686 ceteroqui
501 1610 703 1671 terminatur:
735 1607 817 1672 Stes
843 1615 884 1686 48
914 1605 1116 1693 κνλαμάχνς.
1162 1609 1291 1690 Lampr.

174 1706 292 1786 Phryn.
318 1707 404 1769 Pind.
427 1705 668 1793 παλεμαδόκος.
693 1710 788 1790 Terp.
812 1727 829 1772 2
854 1710 942 1772 Pind.
967 1706 1178 1790 beatutidine.
1201 1710 1289 1772 Pind.

175 1807 215 1872 O.
234 1809 318 1884 VIII,
345 1826 383 1872 10
406 1813 667 1896 στεφαναφορὶα,
694 1814 805 1894 adesp.
836 1829 895 1890 140
918 1812 999 1876 Ialso
1023 1811 1290 1906 στεφανηφόρον.

176 1910 289 1974 Cetera
311 1933 387 1978 exx.
409 1913 497 1976 Pind.
520 1936 547 1976 v.
571 1915 663 1978 Peter
685 1937 715 1996 p.
742 1933 786 1977 11.

261 2013 380 2078 Pariter
401 2035 502 2096 prave
524 2017 672 2096 leguntur
694 2019 725 2078 in
740 2017 785 2079 Ib.
803 2032 843 2079 2ο
861 2013 1046 2101 στρατηγός
1062 2026 1095 2079 et
1109 2018 1291 2099 adespoton

181 2132 247 2191 101,
269 2117 295 2190 si
319 2127 368 2179 est
390 2115 575 2194 SImonidis‚
591 2116 781 2204 φιλήνεμοι.
1316 2126 1317 2130 ’

262 2218 325 2294 ΙΧ.,
347 2220 378 2280 in
402 2217 569 2298 femininis
592 2241 674 2301 quae
697 2221 796 2302 vulgo
819 2224 851 2284 in
872 2257 910 2268 -·
928 2243 990 2306 ηνη
1013 2221 1173 2297 desinunt:
1268 2270 1272 2278 .

209 2383 213 2390 ,
262 2321 402 2385 Timocr.
440 2339 451 2383 1
483 2316 611 2388 Ἀθάνα
642 2322 718 2386 Sim.
752 2339 789 2404 57
822 2323 979 2402 σελάναςς
1015 2339 1053 2403 23
1086 2319 1241 2402 γαλάνας,
1274 2326 1292 2386 8

157 2420 378 2503 Ἀλκμάνας,
410 2426 498 2504 quod
529 2425 560 2486 in
588 2419 770 2512 Ἀλκμήνας
804 2427 991 2488 mutandum
1021 2445 1092 2488 esse
1122 2447 1290 2506 perperam

177 2527 385 2588 commendat
407 2523 641 2602 Schneidewin,
671 2529 790 2608 quippe
817 2528 904 2608 quod
931 2547 950 2588 a
972 2527 1108 2590 Pindaro
1129 2521 1292 2612 Ἀλκμήνα
1334 2599 1338 2614 Ι

178 2629 219 2690 sit
237 2630 387 2710 positum.
416 2627 575 2691 Attamen
589 2630 621 2690 in
639 2629 804 2692 codicibus
819 2629 992 2692 Pindaricis
1010 2629 1163 2692 traditum
1179 2625 1293 2714 εἰρήνα

179 2731 331 2812 (saepius3
360 2751 391 2792 v.
411 2729 505 2792 Peter
526 2747 557 2812 p.
579 2733 654 2812 9ia
681 2732 795 2794 criticis
819 2751 882 2793 non
905 2739 1064 2805 movetur,
1097 2750 1292 2811 quamquam
1404 2801 1406 2806 ,

177 2833 354 2895 Dorienses
381 2831 548 2896 nonnullos
562 2837 596 2912 ¹⁰)
625 2830 740 2916 εἰμάνα
766 2843 798 2896 et
821 2833 964 2896 Boeotos
995 2829 1093 2915 ἰράνα
1121 2833 1293 2913 protulisse

178 2943 305 2998 constat
336 2943 369 2996 et
395 2935 427 2996 in
457 2935 566 3016 adesp.
593 2952 652 3012 140
678 2928 829 3019 Εἰράναν
855 2935 1008 3016 scriptum
1030 2935 1233 3016 ·perhibetur;
1255 2935 1293 2996 cs.

177 3037 239 3099 sub
266 3035 292 3100 C
319 3036 484 3098 Pindarica
515 3031 628 3122 άπήνα
660 3047 692 3099 et
722 3033 856 3123 τιθήνα.
909 3037 1182 3116 Dubitari-igitur
1212 3036 1293 3112 hcet,

178 3148 284 3202 utrum
315 3140 346 3199 in
373 3137 488 3200 Bacch.
520 3137 555 3218 ir.
587 3157 622 3218 13
650 3159 710 3220 pro
737 3141 831 3200 codd.
862 3134 975 3223 εἰρήνη
1006 3141 1046 3199 sit
1076 3138 1293 3201 reducendum

178 3237 293 3325 εἰράνα
321 3241 514 3318 (auctoribus
541 3240 682 3304 Boeckh.
711 3250 743 3302 et
766 3240 895 3321 Bergk.)
926 3259 966 3303 an
996 3236 1127 3326 εἰρήνα·
1158 3259 1292 3320 quarum

178 3341 439 3407 emendationum
462 3343 596 3405 alteram
615 3343 764 3422 equidem
783 3349 917 3423 propter
935 3341 1061 3404 Pindari
1083 3344 1293 3422 tragicorum·

177 3466 240 3527 que
256 3445 341 3526 (Eur.
359 3447 391 3508 in
410 3447 539 3508 canticis
551 3442 665 3508 Bacch.
682 3461 758 3524 4193
781 3443 906 3506 Heracl.
924 3447 997 3524 372)
1017 3443 1155 3506 sormam
1179 3441 1292 3528 εἰρήνα

176 3547 363 3630 praeferam.

262 3649 309 3724 X.,
331 3649 362 3712 in
385 3649 577 3731 populorum
601 3647 782 3709 nomicibus
806 3649 837 3709 in
860 3681 902 3692 —
925 3669 966 3732 ην
988 3647 1177 3710 terminatis:

264 3751 403 3814 Timocr.
427 3767 444 3812 2
461 3742 629 3824 Ἕλλανας.
653 3748 741 3810 Pind.
761 3745 930 3814 Ἑλλάνων
947 3749 979 3810 P.
999 3750 1020 3826 Ι,
1038 3767 1080 3828 49
1103 3757 1135 3811 et
1157 3754 1291 3832 saepius.

264 3855 327 3931 XI,
349 3855 380 3915 in
402 3852 533 3934 singulis
557 3852 749 3933 quibusdam
772 3851 915 3928 vocibus
938 3872 1020 3934 quae
1033 3851 1103 3916 ¹hae
1121 3862 1207 3916 sunt:

178 3983 381 3995 ,σι-

248 4045 280 4106 10)
298 4046 336 4094 Ex
348 4043 465 4094 Foucarti
484 4041 632 4090 collectione
645 4043 690 4091 titt.
710 4041 794 4106 pelop.
814 4042 915 4090 exhibui
934 4058 988 4092 exx.
1006 4043 1081 4092 haec:
1104 4055 1132 4104 1.,
1152 4046 1194 4094 Me
1213 4045 1292 4094 aries:

179 4110 297 4182 εἰράνας
317 4124 385 4174 33α;
404 4121 435 4174 35
456 4105 558 4182 εἰράνᾳ
577 4120 606 4171 7;
626 4110 672 4166 263
691 4121 735 4172 30:
756 4121 800 4172 313
819 4122 863 4173 333
886 4123 926 4173 34.
962 4123 994 4172 2.,
1014 4111 1155 4161 Laconica:
1176 4059 1293 4178 εῗράνας

182 4195 230 4245 194
240 4181 265 4231 d.
285 4177 387 4250 ἰράνας
406 4176 455 4227 228
465 4195 479 4227 a
489 4179 514 4229 b.

223 4283 227 4314 i
