<?xml version="1.0" encoding="UTF-8"?>
<!DOCTYPE html PUBLIC "-//W3C//DTD XHTML 1.0 Transitional//EN"
    "http://www.w3.org/TR/xhtml1/DTD/xhtml1-transitional.dtd">
<html xmlns="http://www.w3.org/1999/xhtml" xml:lang="en" lang="en">
 <head>
  <title>
</title>
<meta http-equiv="Content-Type" content="text/html;charset=utf-8" />
  <meta name='ocr-system' content='tesseract 3.04.00' />
  <meta name='ocr-capabilities' content='ocr_page ocr_carea ocr_par ocr_line ocrx_word'/>
</head>
<body>
  <div class='ocr_page' id='page_1' title='image "./dedialectisstes00mukagoog_0048.png"; bbox 0 0 3042 4804; ppageno 0'>
   <div class='ocr_carea' id='block_1_1' title="bbox 620 265 828 330">
    <p class='ocr_par' dir='ltr' id='par_1_1' title="bbox 620 265 828 330">
     <span class='ocr_line' id='line_1_1' title="bbox 620 265 828 330; baseline 0.01 -35"><span class='ocrx_word' id='word_1_1' title='bbox 620 265 828 330; x_wconf 54' lang='lat'>„37-</span> 
     </span>
    </p>
   </div>
   <div class='ocr_carea' id='block_1_2' title="bbox 161 419 1316 1828">
    <p class='ocr_par' dir='ltr' id='par_1_2' title="bbox 161 419 1316 1828">
     <span class='ocr_line' id='line_1_2' title="bbox 165 419 1286 501; baseline 0.001 -21"><span class='ocrx_word' id='word_1_2' title='bbox 165 437 337 500; x_wconf 90' lang='lat' dir='ltr'>perperam</span> <span class='ocrx_word' id='word_1_3' title='bbox 367 427 511 482; x_wconf 85' lang='lat' dir='ltr'>autumat</span> <span class='ocrx_word' id='word_1_4' title='bbox 539 419 632 482; x_wconf 89' lang='lat' dir='ltr'>Peter</span> <span class='ocrx_word' id='word_1_5' title='bbox 658 439 690 501; x_wconf 93' lang='lat' dir='ltr'>p.</span> <span class='ocrx_word' id='word_1_6' title='bbox 715 433 763 500; x_wconf 83' lang='lat'>30.</span> <span class='ocrx_word' id='word_1_7' title='bbox 815 419 899 482; x_wconf 89' lang='lat' dir='ltr'>Nam</span> <span class='ocrx_word' id='word_1_8' title='bbox 929 425 1126 482; x_wconf 91' lang='lat' dir='ltr'>contractam</span> <span class='ocrx_word' id='word_1_9' title='bbox 1157 437 1286 500; x_wconf 93' lang='lat' dir='ltr'>quoque</span> 
     </span>
     <span class='ocr_line' id='line_1_3' title="bbox 164 518 1286 603; baseline 0.002 -23"><span class='ocrx_word' id='word_1_10' title='bbox 164 518 303 582; x_wconf 84' lang='lat' dir='ltr'>formam</span> <span class='ocrx_word' id='word_1_11' title='bbox 334 523 420 603; x_wconf 92' lang='lat' dir='ltr'>apud</span> <span class='ocrx_word' id='word_1_12' title='bbox 447 522 553 584; x_wconf 89' lang='lat' dir='ltr'>Dores</span> <span class='ocrx_word' id='word_1_13' title='bbox 584 523 615 583; x_wconf 93' lang='lat' dir='ltr'>in</span> <span class='ocrx_word' id='word_1_14' title='bbox 646 539 705 583; x_wconf 90' lang='lat' dir='ltr'>usu</span> <span class='ocrx_word' id='word_1_15' title='bbox 737 519 834 583; x_wconf 83' lang='lat' dir='ltr'>fuisse</span> <span class='ocrx_word' id='word_1_16' title='bbox 864 522 984 603; x_wconf 87' lang='lat' dir='ltr'>apertis</span> <span class='ocrx_word' id='word_1_17' title='bbox 1016 521 1123 584; x_wconf 90' lang='lat' dir='ltr'>verbis</span> <span class='ocrx_word' id='word_1_18' title='bbox 1150 529 1286 584; x_wconf 85' lang='lat' dir='ltr'>testatur</span> 
     </span>
     <span class='ocr_line' id='line_1_4' title="bbox 164 613 1285 707; baseline 0.001 -24"><span class='ocrx_word' id='word_1_19' title='bbox 164 621 256 685; x_wconf 89' lang='lat' dir='ltr'>Plato</span> <span class='ocrx_word' id='word_1_20' title='bbox 285 619 369 685; x_wconf 87' lang='lat' dir='ltr'>Crat.</span> <span class='ocrx_word' id='word_1_21' title='bbox 396 639 460 705; x_wconf 89' lang='lat'>409</span> <span class='ocrx_word' id='word_1_22' title='bbox 487 622 535 686; x_wconf 88' lang='lat' dir='ltr'>A:</span> <span class='ocrx_word' id='word_1_23' title='bbox 558 613 657 688; x_wconf 84' lang='grc' dir='ltr'><em>ἀλιον</em></span> <span class='ocrx_word' id='word_1_24' title='bbox 686 613 847 688; x_wconf 76' lang='grc' dir='ltr'><em>καλοῦσιν</em></span> <span class='ocrx_word' id='word_1_25' title='bbox 877 623 1016 707; x_wconf 78' lang='grc' dir='ltr'><em>Δωριεῖς</em></span> <span class='ocrx_word' id='word_1_26' title='bbox 1042 631 1140 704; x_wconf 90' lang='lat' dir='ltr'>atque</span> <span class='ocrx_word' id='word_1_27' title='bbox 1163 624 1227 686; x_wconf 86' lang='lat' dir='ltr'>ianr</span> <span class='ocrx_word' id='word_1_28' title='bbox 1254 625 1285 686; x_wconf 90' lang='lat' dir='ltr'>in</span> 
     </span>
     <span class='ocr_line' id='line_1_5' title="bbox 163 715 1285 808; baseline 0.002 -22"><span class='ocrx_word' id='word_1_29' title='bbox 163 722 269 786; x_wconf 91' lang='lat' dir='ltr'>Alcm.</span> <span class='ocrx_word' id='word_1_30' title='bbox 291 723 331 799; x_wconf 92' lang='lat' dir='ltr'>ll,</span> <span class='ocrx_word' id='word_1_31' title='bbox 355 739 374 805; x_wconf 91' lang='lat'><strong><em>7</em></strong></span> <span class='ocrx_word' id='word_1_32' title='bbox 397 727 552 806; x_wconf 91' lang='lat' dir='ltr'>reperitur</span> <span class='ocrx_word' id='word_1_33' title='bbox 574 719 734 808; x_wconf 55' lang='lat' dir='ltr'>ariffuiiroe.</span> <span class='ocrx_word' id='word_1_34' title='bbox 774 724 810 786; x_wconf 92' lang='lat' dir='ltr'>ln</span> <span class='ocrx_word' id='word_1_35' title='bbox 833 722 917 790; x_wconf 88' lang='lat' dir='ltr'>Stes.</span> <span class='ocrx_word' id='word_1_36' title='bbox 934 727 952 787; x_wconf 91' lang='lat'><em>8</em></span> <span class='ocrx_word' id='word_1_37' title='bbox 971 715 1066 800; x_wconf 79' lang='grc' dir='ltr'><em>ἅλιος</em></span> <span class='ocrx_word' id='word_1_38' title='bbox 1083 745 1158 788; x_wconf 91' lang='lat' dir='ltr'>cum</span> <span class='ocrx_word' id='word_1_39' title='bbox 1180 733 1285 788; x_wconf 88' lang='lat' dir='ltr'>metro</span> 
     </span>
     <span class='ocr_line' id='line_1_6' title="bbox 162 816 1316 909; baseline 0.006 -23"><span class='ocrx_word' id='word_1_40' title='bbox 162 826 387 888; x_wconf 86' lang='lat' dir='ltr'>adversaretur</span> <span class='ocrx_word' id='word_1_41' title='bbox 409 824 698 909; x_wconf 83' lang='lat' dir='ltr'>Schweighaeuser</span> <span class='ocrx_word' id='word_1_42' title='bbox 720 828 787 890; x_wconf 90' lang='lat' dir='ltr'>iure</span> <span class='ocrx_word' id='word_1_43' title='bbox 809 825 956 889; x_wconf 92' lang='lat' dir='ltr'>dissolvit</span> <span class='ocrx_word' id='word_1_44' title='bbox 978 829 1010 888; x_wconf 96' lang='lat' dir='ltr'>in</span> <span class='ocrx_word' id='word_1_45' title='bbox 1033 821 1149 902; x_wconf 85' lang='grc' dir='ltr'><em>ἀέλιος.</em></span> <span class='ocrx_word' id='word_1_46' title='bbox 1313 816 1316 822; x_wconf 57' lang='grc'><strong>’</strong></span> 
     </span>
     <span class='ocr_line' id='line_1_7' title="bbox 249 923 1286 1014; baseline 0.002 -26"><span class='ocrx_word' id='word_1_47' title='bbox 249 927 322 990; x_wconf 91' lang='lat' dir='ltr'>Huc</span> <span class='ocrx_word' id='word_1_48' title='bbox 344 931 502 993; x_wconf 88' lang='lat' dir='ltr'>accedunt</span> <span class='ocrx_word' id='word_1_49' title='bbox 524 931 616 994; x_wconf 89' lang='lat' dir='ltr'>verbi</span> <span class='ocrx_word' id='word_1_50' title='bbox 639 923 742 1014; x_wconf 79' lang='grc' dir='ltr'><em>ἀείραι</em></span> <span class='ocrx_word' id='word_1_51' title='bbox 765 928 896 1005; x_wconf 88' lang='lat' dir='ltr'>iormae,</span> <span class='ocrx_word' id='word_1_52' title='bbox 919 949 1054 1010; x_wconf 91' lang='lat' dir='ltr'>quarum</span> <span class='ocrx_word' id='word_1_53' title='bbox 1076 937 1231 1012; x_wconf 89' lang='lat' dir='ltr'>apparent</span> <span class='ocrx_word' id='word_1_54' title='bbox 1254 931 1286 991; x_wconf 94' lang='lat' dir='ltr'>in</span> 
     </span>
     <span class='ocr_line' id='line_1_8' title="bbox 162 1025 1285 1116; baseline 0.007 -27"><span class='ocrx_word' id='word_1_55' title='bbox 162 1029 299 1092; x_wconf 91' lang='lat' dir='ltr'>Pindaro</span> <span class='ocrx_word' id='word_1_56' title='bbox 331 1025 445 1114; x_wconf 79' lang='grc' dir='ltr'><em>ἀείρας</em></span> <span class='ocrx_word' id='word_1_57' title='bbox 471 1031 521 1110; x_wconf 82' lang='lat' dir='ltr'>(sr.</span> <span class='ocrx_word' id='word_1_58' title='bbox 547 1032 606 1113; x_wconf 87' lang='lat'>88),</span> <span class='ocrx_word' id='word_1_59' title='bbox 638 1026 774 1116; x_wconf 78' lang='grc' dir='ltr'><em>ἀερθείς</em></span> <span class='ocrx_word' id='word_1_60' title='bbox 796 1036 867 1108; x_wconf 87' lang='lat' dir='ltr'>(ter)</span> <span class='ocrx_word' id='word_1_61' title='bbox 898 1040 931 1093; x_wconf 90' lang='lat' dir='ltr'>et</span> <span class='ocrx_word' id='word_1_62' title='bbox 958 1033 990 1093; x_wconf 88' lang='lat' dir='ltr'>in</span> <span class='ocrx_word' id='word_1_63' title='bbox 1011 1030 1090 1096; x_wconf 88' lang='lat' dir='ltr'><strong>Sim.</strong></span> <span class='ocrx_word' id='word_1_64' title='bbox 1118 1033 1156 1094; x_wconf 91' lang='lat'>16</span> <span class='ocrx_word' id='word_1_65' title='bbox 1178 1026 1285 1116; x_wconf 72' lang='grc' dir='ltr'><em>ἀέρθη</em></span> 
     </span>
     <span class='ocr_line' id='line_1_9' title="bbox 164 1117 1284 1220; baseline 0.004 -29"><span class='ocrx_word' id='word_1_66' title='bbox 164 1130 256 1210; x_wconf 89' lang='lat' dir='ltr'>(corr.</span> <span class='ocrx_word' id='word_1_67' title='bbox 285 1128 522 1209; x_wconf 88' lang='lat' dir='ltr'>Schneidewin;</span> <span class='ocrx_word' id='word_1_68' title='bbox 554 1134 649 1197; x_wconf 88' lang='lat' dir='ltr'>codd.</span> <span class='ocrx_word' id='word_1_69' title='bbox 674 1127 791 1220; x_wconf 76' lang='grc' dir='ltr'><em>ἡέρθη,</em></span> <span class='ocrx_word' id='word_1_70' title='bbox 824 1133 913 1214; x_wconf 94' lang='lat' dir='ltr'>quod</span> <span class='ocrx_word' id='word_1_71' title='bbox 945 1153 1076 1214; x_wconf 90' lang='lat' dir='ltr'>prorsus</span> <span class='ocrx_word' id='word_1_72' title='bbox 1102 1117 1284 1215; x_wconf 56' lang='lat' dir='ltr'>repuffirans</span> 
     </span>
     <span class='ocr_line' id='line_1_10' title="bbox 162 1230 1283 1317; baseline 0.004 -25"><span class='ocrx_word' id='word_1_73' title='bbox 162 1230 365 1294; x_wconf 92' lang='lat' dir='ltr'>choricorum</span> <span class='ocrx_word' id='word_1_74' title='bbox 388 1233 525 1297; x_wconf 91' lang='lat' dir='ltr'>dialecto</span> <span class='ocrx_word' id='word_1_75' title='bbox 547 1256 587 1298; x_wconf 94' lang='lat' dir='ltr'>ne</span> <span class='ocrx_word' id='word_1_76' title='bbox 610 1237 700 1317; x_wconf 89' lang='lat' dir='ltr'>epica</span> <span class='ocrx_word' id='word_1_77' title='bbox 723 1235 854 1316; x_wconf 91' lang='lat' dir='ltr'>quidem</span> <span class='ocrx_word' id='word_1_78' title='bbox 872 1234 979 1316; x_wconf 85' lang='lat' dir='ltr'>lingua</span> <span class='ocrx_word' id='word_1_79' title='bbox 1001 1243 1111 1317; x_wconf 87' lang='lat' dir='ltr'>potest</span> <span class='ocrx_word' id='word_1_80' title='bbox 1128 1232 1283 1310; x_wconf 88' lang='lat' dir='ltr'>excusari,</span> 
     </span>
     <span class='ocr_line' id='line_1_11' title="bbox 162 1331 1283 1422; baseline 0.005 -28"><span class='ocrx_word' id='word_1_81' title='bbox 162 1351 236 1394; x_wconf 90' lang='lat' dir='ltr'>cum</span> <span class='ocrx_word' id='word_1_82' title='bbox 260 1336 358 1396; x_wconf 85' lang='lat' dir='ltr'>etiam</span> <span class='ocrx_word' id='word_1_83' title='bbox 381 1336 425 1398; x_wconf 92' lang='lat' dir='ltr'>ibi</span> <span class='ocrx_word' id='word_1_84' title='bbox 448 1354 575 1419; x_wconf 89' lang='lat' dir='ltr'>semper</span> <span class='ocrx_word' id='word_1_85' title='bbox 597 1339 638 1400; x_wconf 89' lang='lat' dir='ltr'>sit</span> <span class='ocrx_word' id='word_1_86' title='bbox 660 1331 768 1422; x_wconf 80' lang='grc' dir='ltr'><em>ἀέρθη</em></span> <span class='ocrx_word' id='word_1_87' title='bbox 790 1345 861 1412; x_wconf 88' lang='lat' dir='ltr'>etc.;</span> <span class='ocrx_word' id='word_1_88' title='bbox 884 1357 944 1400; x_wconf 92' lang='lat' dir='ltr'>nec</span> <span class='ocrx_word' id='word_1_89' title='bbox 965 1337 1092 1418; x_wconf 80' lang='lat' dir='ltr'>Bergki,</span> <span class='ocrx_word' id='word_1_90' title='bbox 1115 1338 1169 1418; x_wconf 87' lang='lat' dir='ltr'>qui</span> <span class='ocrx_word' id='word_1_91' title='bbox 1193 1331 1283 1422; x_wconf 71' lang='grc' dir='ltr'><em>ἀρθη</em></span> 
     </span>
     <span class='ocr_line' id='line_1_12' title="bbox 161 1436 1282 1520; baseline 0.004 -25"><span class='ocrx_word' id='word_1_92' title='bbox 161 1439 344 1516; x_wconf 87' lang='lat' dir='ltr'>proposuit,</span> <span class='ocrx_word' id='word_1_93' title='bbox 374 1440 531 1500; x_wconf 87' lang='lat' dir='ltr'>rationem</span> <span class='ocrx_word' id='word_1_94' title='bbox 558 1440 676 1520; x_wconf 90' lang='lat' dir='ltr'>probo,</span> <span class='ocrx_word' id='word_1_95' title='bbox 704 1441 762 1501; x_wconf 92' lang='lat' dir='ltr'>sed</span> <span class='ocrx_word' id='word_1_96' title='bbox 785 1440 944 1520; x_wconf 89' lang='lat' dir='ltr'>synizesin</span> <span class='ocrx_word' id='word_1_97' title='bbox 966 1443 1096 1511; x_wconf 87' lang='lat' dir='ltr'>statuo).</span> <span class='ocrx_word' id='word_1_98' title='bbox 1141 1440 1177 1502; x_wconf 92' lang='lat' dir='ltr'>ln</span> <span class='ocrx_word' id='word_1_99' title='bbox 1199 1436 1282 1502; x_wconf 91' lang='lat' dir='ltr'>Stes.</span> 
     </span>
     <span class='ocr_line' id='line_1_13' title="bbox 163 1536 1282 1627; baseline 0.003 -28"><span class='ocrx_word' id='word_1_100' title='bbox 163 1544 202 1616; x_wconf 85' lang='lat'>38</span> <span class='ocrx_word' id='word_1_101' title='bbox 223 1538 361 1619; x_wconf 89' lang='lat' dir='ltr'>denique</span> <span class='ocrx_word' id='word_1_102' title='bbox 379 1559 439 1620; x_wconf 92' lang='lat' dir='ltr'>pro</span> <span class='ocrx_word' id='word_1_103' title='bbox 449 1541 544 1605; x_wconf 93' lang='lat' dir='ltr'>codd.</span> <span class='ocrx_word' id='word_1_104' title='bbox 559 1536 674 1627; x_wconf 72' lang='lat' dir='ltr'>darios,</span> <span class='ocrx_word' id='word_1_105' title='bbox 693 1561 776 1622; x_wconf 89' lang='lat' dir='ltr'>quae</span> <span class='ocrx_word' id='word_1_106' title='bbox 795 1541 898 1604; x_wconf 86' lang='lat' dir='ltr'>forma</span> <span class='ocrx_word' id='word_1_107' title='bbox 917 1549 950 1604; x_wconf 93' lang='lat' dir='ltr'>et</span> <span class='ocrx_word' id='word_1_108' title='bbox 965 1541 1008 1603; x_wconf 94' lang='lat' dir='ltr'>ob</span> <span class='ocrx_word' id='word_1_109' title='bbox 1027 1543 1282 1603; x_wconf 87' lang='lat' dir='ltr'>contractionem</span> 
     </span>
     <span class='ocr_line' id='line_1_14' title="bbox 162 1639 1313 1728; baseline 0.003 -28"><span class='ocrx_word' id='word_1_110' title='bbox 162 1646 194 1700; x_wconf 88' lang='lat' dir='ltr'>et</span> <span class='ocrx_word' id='word_1_111' title='bbox 217 1639 262 1702; x_wconf 95' lang='lat' dir='ltr'>ob</span> <span class='ocrx_word' id='word_1_112' title='bbox 285 1643 585 1721; x_wconf 85' lang='lat' dir='ltr'>augmentationem</span> <span class='ocrx_word' id='word_1_113' title='bbox 610 1644 651 1728; x_wconf 84' lang='grc' dir='ltr'>(η)</span> <span class='ocrx_word' id='word_1_114' title='bbox 674 1644 706 1704; x_wconf 91' lang='lat' dir='ltr'>in</span> <span class='ocrx_word' id='word_1_115' title='bbox 729 1641 931 1706; x_wconf 91' lang='lat' dir='ltr'>choricorum</span> <span class='ocrx_word' id='word_1_116' title='bbox 959 1642 1132 1705; x_wconf 88' lang='lat' dir='ltr'>dialectum</span> <span class='ocrx_word' id='word_1_117' title='bbox 1159 1651 1282 1724; x_wconf 87' lang='lat' dir='ltr'>peccat,</span> <span class='ocrx_word' id='word_1_118' title='bbox 1311 1643 1313 1646; x_wconf 77' lang='grc'><strong>’</strong></span> 
     </span>
     <span class='ocr_line' id='line_1_15' title="bbox 162 1731 1132 1828; baseline 0.013 -27"><span class='ocrx_word' id='word_1_119' title='bbox 162 1744 227 1802; x_wconf 88' lang='lat' dir='ltr'>iam</span> <span class='ocrx_word' id='word_1_120' title='bbox 251 1751 355 1804; x_wconf 83' lang='lat' dir='ltr'>metro</span> <span class='ocrx_word' id='word_1_121' title='bbox 379 1742 560 1824; x_wconf 87' lang='lat' dir='ltr'>postulatur</span> <span class='ocrx_word' id='word_1_122' title='bbox 583 1731 730 1828; x_wconf 68' lang='lat' dir='ltr'>cindatos.</span> <span class='ocrx_word' id='word_1_123' title='bbox 770 1815 773 1823; x_wconf 26' lang='lat'><strong>¹</strong></span> <span class='ocrx_word' id='word_1_124' title='bbox 1128 1753 1132 1764; x_wconf 93' lang='lat'>&#39;</span> 
     </span>
    </p>
   </div>
   <div class='ocr_carea' id='block_1_3' title="bbox 675 1913 765 1993">
    <p class='ocr_par' dir='ltr' id='par_1_3' title="bbox 675 1913 765 1993">
     <span class='ocr_line' id='line_1_16' title="bbox 675 1913 765 1993; baseline 0 -18"><span class='ocrx_word' id='word_1_125' title='bbox 675 1913 694 1993; x_wconf 82' lang='lat' dir='ltr'>S</span> <span class='ocrx_word' id='word_1_126' title='bbox 720 1929 765 1975; x_wconf 92' lang='lat'>10.</span> 
     </span>
    </p>
   </div>
   <div class='ocr_carea' id='block_1_4' title="bbox 332 2032 1110 2096">
    <p class='ocr_par' dir='ltr' id='par_1_4' title="bbox 332 2032 1110 2096">
     <span class='ocr_line' id='line_1_17' title="bbox 332 2032 1110 2096; baseline 0.003 -16"><span class='ocrx_word' id='word_1_127' title='bbox 332 2033 373 2080; x_wconf 86' lang='lat' dir='ltr'>De</span> <span class='ocrx_word' id='word_1_128' title='bbox 391 2032 570 2082; x_wconf 81' lang='lat' dir='ltr'>contrahendis</span> <span class='ocrx_word' id='word_1_129' title='bbox 588 2033 670 2082; x_wconf 88' lang='lat' dir='ltr'>verbis</span> <span class='ocrx_word' id='word_1_130' title='bbox 688 2033 757 2096; x_wconf 90' lang='lat' dir='ltr'>puris</span> <span class='ocrx_word' id='word_1_131' title='bbox 775 2033 801 2081; x_wconf 90' lang='lat' dir='ltr'>in</span> <span class='ocrx_word' id='word_1_132' title='bbox 819 2048 907 2093; x_wconf 83' lang='grc' dir='ltr'><em>-αω,</em></span> <span class='ocrx_word' id='word_1_133' title='bbox 926 2047 1006 2093; x_wconf 80' lang='grc' dir='ltr'><em>-εω,</em></span> <span class='ocrx_word' id='word_1_134' title='bbox 1026 2049 1110 2086; x_wconf 70' lang='lat' dir='ltr'>-oua</span> 
     </span>
    </p>
   </div>
   <div class='ocr_carea' id='block_1_5' title="bbox 156 2131 1398 2228">
    <p class='ocr_par' dir='ltr' id='par_1_5' title="bbox 156 2131 1398 2228">
     <span class='ocr_line' id='line_1_18' title="bbox 156 2131 1398 2228; baseline 0.002 -34"><span class='ocrx_word' id='word_1_135' title='bbox 156 2137 160 2142; x_wconf 87' lang='lat'>&#39;</span> <span class='ocrx_word' id='word_1_136' title='bbox 247 2132 268 2196; x_wconf 94' lang='lat' dir='ltr'>l.</span> <span class='ocrx_word' id='word_1_137' title='bbox 304 2131 414 2196; x_wconf 89' lang='lat' dir='ltr'>Verba</span> <span class='ocrx_word' id='word_1_138' title='bbox 435 2153 514 2214; x_wconf 87' lang='lat' dir='ltr'>pura</span> <span class='ocrx_word' id='word_1_139' title='bbox 532 2153 618 2213; x_wconf 85' lang='lat' dir='ltr'>quae</span> <span class='ocrx_word' id='word_1_140' title='bbox 640 2135 714 2196; x_wconf 91' lang='lat' dir='ltr'>-in</span> <span class='ocrx_word' id='word_1_141' title='bbox 732 2155 783 2196; x_wconf 85' lang='grc' dir='ltr'>αω</span> <span class='ocrx_word' id='word_1_142' title='bbox 805 2132 924 2194; x_wconf 88' lang='lat' dir='ltr'>cadunt</span> <span class='ocrx_word' id='word_1_143' title='bbox 941 2135 1027 2214; x_wconf 92' lang='lat' dir='ltr'>apud</span> <span class='ocrx_word' id='word_1_144' title='bbox 1049 2133 1197 2196; x_wconf 91' lang='lat' dir='ltr'>choricos</span> <span class='ocrx_word' id='word_1_145' title='bbox 1216 2153 1281 2197; x_wconf 94' lang='lat' dir='ltr'>non</span> <span class='ocrx_word' id='word_1_146' title='bbox 1380 2211 1398 2228; x_wconf 24' lang='grc' dir='ltr'>,Ι</span> 
     </span>
    </p>
   </div>
   <div class='ocr_carea' id='block_1_6' title="bbox 150 2232 1281 4254">
    <p class='ocr_par' dir='ltr' id='par_1_6' title="bbox 158 2232 1281 2622">
     <span class='ocr_line' id='line_1_19' title="bbox 161 2232 1281 2316; baseline 0.004 -22"><span class='ocrx_word' id='word_1_147' title='bbox 161 2234 265 2295; x_wconf 91' lang='lat' dir='ltr'>minus</span> <span class='ocrx_word' id='word_1_148' title='bbox 295 2253 392 2314; x_wconf 90' lang='lat' dir='ltr'>quam</span> <span class='ocrx_word' id='word_1_149' title='bbox 419 2234 507 2315; x_wconf 87' lang='lat' dir='ltr'>apud</span> <span class='ocrx_word' id='word_1_150' title='bbox 529 2235 638 2316; x_wconf 89' lang='lat' dir='ltr'>epicos</span> <span class='ocrx_word' id='word_1_151' title='bbox 667 2253 796 2315; x_wconf 91' lang='lat' dir='ltr'>semper</span> <span class='ocrx_word' id='word_1_152' title='bbox 823 2232 1062 2298; x_wconf 89' lang='lat' dir='ltr'>contrahuntur.</span> <span class='ocrx_word' id='word_1_153' title='bbox 1107 2233 1281 2298; x_wconf 89' lang='lat' dir='ltr'>Confluunt</span> 
     </span>
     <span class='ocr_line' id='line_1_20' title="bbox 160 2333 883 2414; baseline 0 -19"><span class='ocrx_word' id='word_1_154' title='bbox 160 2333 256 2414; x_wconf 86' lang='lat' dir='ltr'>igitur</span> <span class='ocrx_word' id='word_1_155' title='bbox 278 2335 420 2400; x_wconf 89' lang='lat' dir='ltr'>vocales:</span> <span class='ocrx_word' id='word_1_156' title='bbox 879 2389 883 2395; x_wconf 88' lang='lat'>.</span> 
     </span>
     <span class='ocr_line' id='line_1_21' title="bbox 171 2435 1278 2520; baseline 0.005 -20"><span class='ocrx_word' id='word_1_157' title='bbox 171 2467 173 2470; x_wconf 45' lang='lat'><em>⁴</em></span> <span class='ocrx_word' id='word_1_158' title='bbox 246 2459 283 2502; x_wconf 81' lang='lat' dir='ltr'>uc</span> <span class='ocrx_word' id='word_1_159' title='bbox 315 2438 347 2500; x_wconf 91' lang='lat' dir='ltr'>in</span> <span class='ocrx_word' id='word_1_160' title='bbox 369 2459 400 2515; x_wconf 85' lang='lat' dir='ltr'>u,</span> <span class='ocrx_word' id='word_1_161' title='bbox 431 2457 496 2500; x_wconf 92' lang='lat' dir='ltr'>non</span> <span class='ocrx_word' id='word_1_162' title='bbox 519 2438 628 2504; x_wconf 90' lang='lat' dir='ltr'>dorice</span> <span class='ocrx_word' id='word_1_163' title='bbox 658 2439 690 2500; x_wconf 92' lang='lat' dir='ltr'>in</span> <span class='ocrx_word' id='word_1_164' title='bbox 711 2459 744 2520; x_wconf 76' lang='grc' dir='ltr'>ηε</span> <span class='ocrx_word' id='word_1_165' title='bbox 776 2435 854 2498; x_wconf 89' lang='lat' dir='ltr'>Sim.</span> <span class='ocrx_word' id='word_1_166' title='bbox 882 2437 931 2516; x_wconf 89' lang='lat'>76,</span> <span class='ocrx_word' id='word_1_167' title='bbox 963 2437 1078 2502; x_wconf 88' lang='lat' dir='ltr'>Bacch.</span> <span class='ocrx_word' id='word_1_168' title='bbox 1104 2456 1127 2515; x_wconf 86' lang='lat'><strong>4</strong></span> <span class='ocrx_word' id='word_1_169' title='bbox 1152 2443 1278 2518; x_wconf 82' lang='grc' dir='ltr'>βιᾶται;</span> 
     </span>
     <span class='ocr_line' id='line_1_22' title="bbox 158 2537 1119 2622; baseline 0.006 -23"><span class='ocrx_word' id='word_1_170' title='bbox 158 2537 273 2599; x_wconf 90' lang='lat' dir='ltr'>Bacch.</span> <span class='ocrx_word' id='word_1_171' title='bbox 300 2554 392 2618; x_wconf 84' lang='lat'>13‚10</span> <span class='ocrx_word' id='word_1_172' title='bbox 414 2543 560 2615; x_wconf 85' lang='grc' dir='ltr'>συλᾶται,</span> <span class='ocrx_word' id='word_1_173' title='bbox 581 2554 623 2619; x_wconf 83' lang='grc'>47</span> <span class='ocrx_word' id='word_1_174' title='bbox 647 2542 812 2622; x_wconf 56' lang='lat' dir='ltr'>vulgaricum</span> <span class='ocrx_word' id='word_1_175' title='bbox 835 2539 878 2604; x_wconf 92' lang='lat' dir='ltr'>Ib.</span> <span class='ocrx_word' id='word_1_176' title='bbox 901 2540 941 2602; x_wconf 87' lang='lat'>28</span> <span class='ocrx_word' id='word_1_177' title='bbox 963 2543 1119 2604; x_wconf 83' lang='grc' dir='ltr'><strong><em>ποτᾶται.</em></strong></span> 
     </span>
    </p>

    <p class='ocr_par' dir='ltr' id='par_1_7' title="bbox 244 2638 1200 2723">
     <span class='ocr_line' id='line_1_23' title="bbox 244 2638 1200 2723; baseline -0.002 -19"><span class='ocrx_word' id='word_1_178' title='bbox 244 2662 285 2705; x_wconf 86' lang='lat' dir='ltr'>uo</span> <span class='ocrx_word' id='word_1_179' title='bbox 309 2649 341 2703; x_wconf 88' lang='lat' dir='ltr'>et</span> <span class='ocrx_word' id='word_1_180' title='bbox 363 2664 413 2706; x_wconf 82' lang='lat' dir='ltr'>noo</span> <span class='ocrx_word' id='word_1_181' title='bbox 436 2643 468 2704; x_wconf 93' lang='lat' dir='ltr'>in</span> <span class='ocrx_word' id='word_1_182' title='bbox 490 2664 528 2719; x_wconf 85' lang='grc' dir='ltr'>ω,</span> <span class='ocrx_word' id='word_1_183' title='bbox 550 2661 615 2704; x_wconf 92' lang='lat' dir='ltr'>non</span> <span class='ocrx_word' id='word_1_184' title='bbox 630 2651 672 2705; x_wconf 76' lang='lat' dir='ltr'>&#39;ut</span> <span class='ocrx_word' id='word_1_185' title='bbox 697 2638 775 2704; x_wconf 85' lang='lat' dir='ltr'>Sim.</span> <span class='ocrx_word' id='word_1_186' title='bbox 795 2655 839 2717; x_wconf 93' lang='lat'>40</span> <span class='ocrx_word' id='word_1_187' title='bbox 859 2643 1038 2716; x_wconf 75' lang='grc' dir='ltr'><strong><em>πωτῶντο,</em></strong></span> <span class='ocrx_word' id='word_1_188' title='bbox 1060 2643 1102 2704; x_wconf 88' lang='grc'>60</span> <span class='ocrx_word' id='word_1_189' title='bbox 1124 2645 1200 2723; x_wconf 65' lang='lat' dir='ltr'>gaiu.</span> 
     </span>
    </p>

    <p class='ocr_par' dir='ltr' id='par_1_8' title="bbox 154 2737 1278 3520">
     <span class='ocr_line' id='line_1_24' title="bbox 245 2737 1277 2831; baseline 0.002 -25"><span class='ocrx_word' id='word_1_190' title='bbox 245 2737 297 2806; x_wconf 85' lang='grc' dir='ltr'>ἀει</span> <span class='ocrx_word' id='word_1_191' title='bbox 315 2744 346 2804; x_wconf 93' lang='lat' dir='ltr'>in</span> <span class='ocrx_word' id='word_1_192' title='bbox 361 2746 382 2830; x_wconf 78' lang='grc' dir='ltr'>ρ’</span> <span class='ocrx_word' id='word_1_193' title='bbox 389 2761 396 2806; x_wconf 89' lang='lat'>:</span> <span class='ocrx_word' id='word_1_194' title='bbox 415 2742 530 2808; x_wconf 88' lang='lat' dir='ltr'>Bacch.</span> <span class='ocrx_word' id='word_1_195' title='bbox 549 2757 586 2822; x_wconf 82' lang='grc'>25</span> <span class='ocrx_word' id='word_1_196' title='bbox 608 2741 696 2831; x_wconf 82' lang='grc' dir='ltr'><em>έρᾷς;</em></span> <span class='ocrx_word' id='word_1_197' title='bbox 715 2740 793 2804; x_wconf 88' lang='lat' dir='ltr'>Sim.</span> <span class='ocrx_word' id='word_1_198' title='bbox 813 2757 876 2820; x_wconf 88' lang='grc'>224</span> <span class='ocrx_word' id='word_1_199' title='bbox 892 2747 982 2831; x_wconf 82' lang='grc' dir='ltr'><em>γελᾷ,</em></span> <span class='ocrx_word' id='word_1_200' title='bbox 1000 2743 1054 2806; x_wconf 93' lang='lat' dir='ltr'>ubi</span> <span class='ocrx_word' id='word_1_201' title='bbox 1073 2743 1277 2808; x_wconf 84' lang='lat' dir='ltr'>Herodianus</span> 
     </span>
     <span class='ocr_line' id='line_1_25' title="bbox 160 2839 1278 2933; baseline 0.001 -25"><span class='ocrx_word' id='word_1_202' title='bbox 160 2840 224 2930; x_wconf 52' lang='grc' dir='ltr'>(ὡς</span> <span class='ocrx_word' id='word_1_203' title='bbox 255 2843 295 2929; x_wconf 79' lang='grc' dir='ltr'>δὴ</span> <span class='ocrx_word' id='word_1_204' title='bbox 328 2842 393 2928; x_wconf 76' lang='grc' dir='ltr'>ἐγώ</span> <span class='ocrx_word' id='word_1_205' title='bbox 426 2839 520 2933; x_wconf 80' lang='grc' dir='ltr'><em>γελᾷ’</em></span> <span class='ocrx_word' id='word_1_206' title='bbox 555 2844 719 2926; x_wconf 89' lang='lat' dir='ltr'>explicans</span> <span class='ocrx_word' id='word_1_207' title='bbox 759 2845 877 2907; x_wconf 91' lang='lat' dir='ltr'>indicat</span> <span class='ocrx_word' id='word_1_208' title='bbox 907 2843 1107 2909; x_wconf 88' lang='lat' dir='ltr'>Simonidem</span> <span class='ocrx_word' id='word_1_209' title='bbox 1139 2847 1278 2929; x_wconf 89' lang='lat' dir='ltr'>primam</span> 
     </span>
     <span class='ocr_line' id='line_1_26' title="bbox 157 2942 1277 3036; baseline 0.004 -29"><span class='ocrx_word' id='word_1_210' title='bbox 157 2947 356 3027; x_wconf 91' lang='lat' dir='ltr'>pronominis</span> <span class='ocrx_word' id='word_1_211' title='bbox 374 2966 547 3028; x_wconf 86' lang='lat' dir='ltr'>personam</span> <span class='ocrx_word' id='word_1_212' title='bbox 566 2942 632 3030; x_wconf 80' lang='grc' dir='ltr'>ἐγώ</span> <span class='ocrx_word' id='word_1_213' title='bbox 651 2967 725 3008; x_wconf 92' lang='lat' dir='ltr'>cum</span> <span class='ocrx_word' id='word_1_214' title='bbox 743 2949 837 3009; x_wconf 90' lang='lat' dir='ltr'>tertia</span> <span class='ocrx_word' id='word_1_215' title='bbox 854 2947 945 3011; x_wconf 90' lang='lat' dir='ltr'>verbi</span> <span class='ocrx_word' id='word_1_216' title='bbox 962 2952 1041 3036; x_wconf 82' lang='grc' dir='ltr'><em>γελᾷ</em></span> <span class='ocrx_word' id='word_1_217' title='bbox 1059 2949 1277 3025; x_wconf 89' lang='lat' dir='ltr'>coniunxisse;</span> 
     </span>
     <span class='ocr_line' id='line_1_27' title="bbox 156 3047 1277 3132; baseline 0.004 -22"><span class='ocrx_word' id='word_1_218' title='bbox 156 3050 246 3129; x_wconf 91' lang='lat' dir='ltr'>quod</span> <span class='ocrx_word' id='word_1_219' title='bbox 269 3047 336 3111; x_wconf 89' lang='lat' dir='ltr'>fieri</span> <span class='ocrx_word' id='word_1_220' title='bbox 362 3068 425 3110; x_wconf 94' lang='lat' dir='ltr'>non</span> <span class='ocrx_word' id='word_1_221' title='bbox 448 3057 566 3130; x_wconf 89' lang='lat' dir='ltr'>potest,</span> <span class='ocrx_word' id='word_1_222' title='bbox 593 3069 652 3111; x_wconf 93' lang='lat' dir='ltr'>nec</span> <span class='ocrx_word' id='word_1_223' title='bbox 675 3047 717 3110; x_wconf 93' lang='lat' dir='ltr'>de</span> <span class='ocrx_word' id='word_1_224' title='bbox 739 3049 843 3130; x_wconf 87' lang='lat' dir='ltr'>prima</span> <span class='ocrx_word' id='word_1_225' title='bbox 864 3069 946 3130; x_wconf 90' lang='lat' dir='ltr'>pers.</span> <span class='ocrx_word' id='word_1_226' title='bbox 969 3053 1048 3132; x_wconf 82' lang='grc' dir='ltr'><em>γελᾶ</em></span> <span class='ocrx_word' id='word_1_227' title='bbox 1071 3051 1181 3113; x_wconf 91' lang='lat' dir='ltr'>dorica</span> <span class='ocrx_word' id='word_1_228' title='bbox 1203 3072 1277 3114; x_wconf 92' lang='lat' dir='ltr'>con·</span> 
     </span>
     <span class='ocr_line' id='line_1_28' title="bbox 155 3147 1278 3232; baseline 0.003 -19"><span class='ocrx_word' id='word_1_229' title='bbox 155 3153 313 3214; x_wconf 88' lang='lat' dir='ltr'>tractione</span> <span class='ocrx_word' id='word_1_230' title='bbox 352 3159 425 3212; x_wconf 90' lang='lat' dir='ltr'>nata</span> <span class='ocrx_word' id='word_1_231' title='bbox 461 3150 595 3231; x_wconf 87' lang='lat' dir='ltr'>cogitari</span> <span class='ocrx_word' id='word_1_232' title='bbox 622 3149 696 3214; x_wconf 91' lang='lat' dir='ltr'>licet</span> <span class='ocrx_word' id='word_1_233' title='bbox 723 3147 813 3229; x_wconf 86' lang='lat' dir='ltr'>(Ahr.</span> <span class='ocrx_word' id='word_1_234' title='bbox 839 3150 875 3225; x_wconf 92' lang='lat' dir='ltr'>ll,</span> <span class='ocrx_word' id='word_1_235' title='bbox 907 3153 984 3230; x_wconf 87' lang='lat'>197).</span> <span class='ocrx_word' id='word_1_236' title='bbox 1035 3152 1147 3232; x_wconf 90' lang='lat' dir='ltr'>Itaque</span> <span class='ocrx_word' id='word_1_237' title='bbox 1174 3151 1278 3216; x_wconf 89' lang='lat' dir='ltr'>Simo·</span> 
     </span>
     <span class='ocr_line' id='line_1_29' title="bbox 154 3247 1277 3340; baseline 0.004 -26"><span class='ocrx_word' id='word_1_238' title='bbox 154 3256 264 3315; x_wconf 91' lang='lat' dir='ltr'>nidem</span> <span class='ocrx_word' id='word_1_239' title='bbox 292 3251 341 3314; x_wconf 89' lang='lat' dir='ltr'>his</span> <span class='ocrx_word' id='word_1_240' title='bbox 372 3251 478 3314; x_wconf 89' lang='lat' dir='ltr'>verbis</span> <span class='ocrx_word' id='word_1_241' title='bbox 505 3247 735 3332; x_wconf 87' lang='lat' dir='ltr'>brachylogice</span> <span class='ocrx_word' id='word_1_242' title='bbox 758 3247 863 3314; x_wconf 93' lang='lat' dir='ltr'>dicere</span> <span class='ocrx_word' id='word_1_243' title='bbox 889 3249 1030 3314; x_wconf 91' lang='lat' dir='ltr'>voluisse</span> <span class='ocrx_word' id='word_1_244' title='bbox 1054 3249 1117 3340; x_wconf 67' lang='grc' dir='ltr'>ίοὖς</span> <span class='ocrx_word' id='word_1_245' title='bbox 1144 3252 1184 3340; x_wconf 82' lang='grc' dir='ltr'>δὴ</span> <span class='ocrx_word' id='word_1_246' title='bbox 1211 3251 1277 3338; x_wconf 77' lang='grc' dir='ltr'>ἐγώ</span> 
     </span>
     <span class='ocr_line' id='line_1_30' title="bbox 154 3346 1276 3442; baseline 0.004 -26"><span class='ocrx_word' id='word_1_247' title='bbox 154 3359 210 3431; x_wconf 91' lang='lat' dir='ltr'>(sc.</span> <span class='ocrx_word' id='word_1_248' title='bbox 231 3355 337 3430; x_wconf 72' lang='grc' dir='ltr'><em>γελῶ),</em></span> <span class='ocrx_word' id='word_1_249' title='bbox 354 3357 434 3442; x_wconf 82' lang='grc' dir='ltr'><em>γελᾷ</em></span> <span class='ocrx_word' id='word_1_250' title='bbox 451 3362 505 3432; x_wconf 80' lang='lat' dir='ltr'>(sc.</span> <span class='ocrx_word' id='word_1_251' title='bbox 524 3346 673 3429; x_wconf 68' lang='lat' dir='ltr'>a&#39;nelvocl&#39;</span> <span class='ocrx_word' id='word_1_252' title='bbox 692 3351 957 3416; x_wconf 88' lang='lat' dir='ltr'>verisimillimum</span> <span class='ocrx_word' id='word_1_253' title='bbox 975 3361 1033 3420; x_wconf 91' lang='lat' dir='ltr'>est.</span> <span class='ocrx_word' id='word_1_254' title='bbox 1058 3353 1181 3418; x_wconf 87' lang='lat' dir='ltr'>Pindari</span> <span class='ocrx_word' id='word_1_255' title='bbox 1201 3376 1276 3422; x_wconf 71' lang='lat' dir='ltr'>exre.</span> 
     </span>
     <span class='ocr_line' id='line_1_31' title="bbox 155 3439 522 3520; baseline -0.003 -2"><span class='ocrx_word' id='word_1_256' title='bbox 155 3478 184 3520; x_wconf 89' lang='lat' dir='ltr'>v.</span> <span class='ocrx_word' id='word_1_257' title='bbox 209 3457 303 3519; x_wconf 91' lang='lat' dir='ltr'>Peter</span> <span class='ocrx_word' id='word_1_258' title='bbox 325 3457 376 3518; x_wconf 89' lang='lat'>61.</span> <span class='ocrx_word' id='word_1_259' title='bbox 519 3439 522 3446; x_wconf 38' lang='lat'><strong><em>⁴</em></strong></span> 
     </span>
    </p>

    <p class='ocr_par' dir='ltr' id='par_1_9' title="bbox 239 3557 847 3638">
     <span class='ocr_line' id='line_1_32' title="bbox 239 3557 847 3638; baseline 0 -17"><span class='ocrx_word' id='word_1_260' title='bbox 239 3559 275 3624; x_wconf 90' lang='lat' dir='ltr'>ll.</span> <span class='ocrx_word' id='word_1_261' title='bbox 320 3557 505 3622; x_wconf 91' lang='lat' dir='ltr'>Verborum</span> <span class='ocrx_word' id='word_1_262' title='bbox 528 3577 681 3638; x_wconf 91' lang='lat' dir='ltr'>purorum</span> <span class='ocrx_word' id='word_1_263' title='bbox 704 3557 735 3619; x_wconf 93' lang='lat' dir='ltr'>in</span> <span class='ocrx_word' id='word_1_264' title='bbox 759 3579 847 3621; x_wconf 85' lang='grc' dir='ltr'>-εω</span> 
     </span>
    </p>

    <p class='ocr_par' dir='ltr' id='par_1_10' title="bbox 150 3657 1276 4147">
     <span class='ocr_line' id='line_1_33' title="bbox 244 3657 1276 3742; baseline -0.001 -19"><span class='ocrx_word' id='word_1_265' title='bbox 244 3678 278 3740; x_wconf 85' lang='lat'>1.,</span> <span class='ocrx_word' id='word_1_266' title='bbox 308 3683 339 3726; x_wconf 91' lang='grc' dir='ltr'>εε</span> <span class='ocrx_word' id='word_1_267' title='bbox 359 3669 391 3722; x_wconf 91' lang='lat' dir='ltr'>ct</span> <span class='ocrx_word' id='word_1_268' title='bbox 414 3683 460 3725; x_wconf 85' lang='grc' dir='ltr'>εει</span> <span class='ocrx_word' id='word_1_269' title='bbox 483 3680 610 3740; x_wconf 90' lang='lat' dir='ltr'>semper</span> <span class='ocrx_word' id='word_1_270' title='bbox 633 3661 664 3721; x_wconf 91' lang='lat' dir='ltr'>in</span> <span class='ocrx_word' id='word_1_271' title='bbox 684 3682 712 3723; x_wconf 89' lang='grc' dir='ltr'>ει</span> <span class='ocrx_word' id='word_1_272' title='bbox 735 3657 926 3722; x_wconf 88' lang='lat' dir='ltr'>coalescunt.</span> <span class='ocrx_word' id='word_1_273' title='bbox 958 3659 1121 3742; x_wconf 88' lang='lat' dir='ltr'>Exempla</span> <span class='ocrx_word' id='word_1_274' title='bbox 1144 3668 1276 3722; x_wconf 85' lang='lat' dir='ltr'>exstant</span> 
     </span>
     <span class='ocr_line' id='line_1_34' title="bbox 151 3759 1275 3844; baseline 0.002 -18"><span class='ocrx_word' id='word_1_275' title='bbox 151 3765 238 3844; x_wconf 91' lang='lat' dir='ltr'>apud</span> <span class='ocrx_word' id='word_1_276' title='bbox 261 3762 408 3826; x_wconf 85' lang='lat' dir='ltr'>choricos</span> <span class='ocrx_word' id='word_1_277' title='bbox 436 3761 545 3824; x_wconf 89' lang='lat' dir='ltr'>multa.</span> <span class='ocrx_word' id='word_1_278' title='bbox 589 3761 659 3824; x_wconf 88' lang='lat' dir='ltr'>Nec</span> <span class='ocrx_word' id='word_1_279' title='bbox 687 3760 849 3842; x_wconf 89' lang='lat' dir='ltr'>discrepat</span> <span class='ocrx_word' id='word_1_280' title='bbox 876 3759 1016 3824; x_wconf 87' lang='lat' dir='ltr'>Alcman</span> <span class='ocrx_word' id='word_1_281' title='bbox 1039 3761 1161 3844; x_wconf 87' lang='lat' dir='ltr'>(Spiess</span> <span class='ocrx_word' id='word_1_282' title='bbox 1183 3759 1275 3828; x_wconf 85' lang='lat' dir='ltr'>Stud.</span> 
     </span>
     <span class='ocr_line' id='line_1_35' title="bbox 152 3862 1275 3944; baseline -0.004 -16"><span class='ocrx_word' id='word_1_283' title='bbox 152 3865 192 3941; x_wconf 87' lang='lat' dir='ltr'>X,</span> <span class='ocrx_word' id='word_1_284' title='bbox 217 3868 298 3943; x_wconf 75' lang='lat'>354).</span> <span class='ocrx_word' id='word_1_285' title='bbox 344 3863 544 3927; x_wconf 88' lang='lat' dir='ltr'>Abiciendae</span> <span class='ocrx_word' id='word_1_286' title='bbox 581 3863 676 3944; x_wconf 88' lang='lat' dir='ltr'>igitur</span> <span class='ocrx_word' id='word_1_287' title='bbox 708 3871 782 3924; x_wconf 87' lang='lat' dir='ltr'>suut</span> <span class='ocrx_word' id='word_1_288' title='bbox 813 3865 1015 3926; x_wconf 89' lang='lat' dir='ltr'>coniecturae</span> <span class='ocrx_word' id='word_1_289' title='bbox 1037 3862 1275 3927; x_wconf 88' lang='lat' dir='ltr'>Schneidewini</span> 
     </span>
     <span class='ocr_line' id='line_1_36' title="bbox 150 3945 1273 4050; baseline -0.005 -18"><span class='ocrx_word' id='word_1_290' title='bbox 150 3967 257 4048; x_wconf 85' lang='grc' dir='ltr'><em>φιλέει</em></span> <span class='ocrx_word' id='word_1_291' title='bbox 288 3964 381 4042; x_wconf 88' lang='lat' dir='ltr'>(Stes.</span> <span class='ocrx_word' id='word_1_292' title='bbox 407 3964 654 4050; x_wconf 18' lang='lat' dir='ltr'>50)1etBergki</span> <span class='ocrx_word' id='word_1_293' title='bbox 686 3945 807 4039; x_wconf 69' lang='grc' dir='ltr'><em>αέυέέις</em></span> <span class='ocrx_word' id='word_1_294' title='bbox 830 3964 996 4046; x_wconf 86' lang='lat' dir='ltr'>(Timocr.&#39;</span> <span class='ocrx_word' id='word_1_295' title='bbox 1011 3969 1038 4046; x_wconf 93' lang='lat'>1)</span> <span class='ocrx_word' id='word_1_296' title='bbox 1070 3985 1130 4046; x_wconf 91' lang='lat' dir='ltr'>pro</span> <span class='ocrx_word' id='word_1_297' title='bbox 1161 3965 1273 4026; x_wconf 93' lang='lat' dir='ltr'>coddi-</span> 
     </span>
     <span class='ocr_line' id='line_1_37' title="bbox 151 4065 646 4147; baseline -0.008 -14"><span class='ocrx_word' id='word_1_298' title='bbox 151 4089 225 4133; x_wconf 92' lang='lat' dir='ltr'>cum</span> <span class='ocrx_word' id='word_1_299' title='bbox 248 4069 343 4130; x_wconf 87' lang='lat' dir='ltr'>rectis</span> <span class='ocrx_word' id='word_1_300' title='bbox 366 4070 457 4147; x_wconf 81' lang='grc' dir='ltr'><em>φιλεῖ</em></span> <span class='ocrx_word' id='word_1_301' title='bbox 477 4075 510 4129; x_wconf 90' lang='lat' dir='ltr'>et</span> <span class='ocrx_word' id='word_1_302' title='bbox 533 4065 646 4142; x_wconf 79' lang='grc' dir='ltr'><em>αἰνεῖς.</em></span> 
     </span>
    </p>

    <p class='ocr_par' dir='ltr' id='par_1_11' title="bbox 238 4168 1274 4254">
     <span class='ocr_line' id='line_1_38' title="bbox 238 4168 1274 4254; baseline 0.002 -22"><span class='ocrx_word' id='word_1_303' title='bbox 238 4185 276 4245; x_wconf 88' lang='grc'>2.,</span> <span class='ocrx_word' id='word_1_304' title='bbox 303 4191 339 4254; x_wconf 87' lang='grc' dir='ltr'>εη</span> <span class='ocrx_word' id='word_1_305' title='bbox 362 4170 435 4252; x_wconf 64' lang='lat' dir='ltr'>inp</span> <span class='ocrx_word' id='word_1_306' title='bbox 464 4177 630 4231; x_wconf 90' lang='lat' dir='ltr'>contracta</span> <span class='ocrx_word' id='word_1_307' title='bbox 652 4187 736 4232; x_wconf 94' lang='lat' dir='ltr'>nunc</span> <span class='ocrx_word' id='word_1_308' title='bbox 758 4168 922 4250; x_wconf 81' lang='lat' dir='ltr'>leguntur:</span> <span class='ocrx_word' id='word_1_309' title='bbox 954 4168 1037 4232; x_wconf 88' lang='lat' dir='ltr'>Stes.</span> <span class='ocrx_word' id='word_1_310' title='bbox 1070 4182 1107 4248; x_wconf 82' lang='lat'>35</span> <span class='ocrx_word' id='word_1_311' title='bbox 1142 4169 1274 4252; x_wconf 74' lang='grc' dir='ltr'><em>κελαόῖ·</em></span> 
     </span>
    </p>
   </div>
   <div class='ocr_carea' id='block_1_7' title="bbox 0 0 1526 4804">
    <p class='ocr_par' dir='ltr' id='par_1_12' title="bbox 0 0 1526 4804">
     <span class='ocr_line' id='line_1_39' title="bbox 0 0 1526 4804; baseline 0 4"><span class='ocrx_word' id='word_1_312' title='bbox 0 0 1526 4804; x_wconf 95' lang='lat' dir='ltr'> </span> 
     </span>
    </p>
   </div>
  </div>
 </body>
</html>
