3042 4804
654 255 844 312 ..7-

190 400 282 470 stant.
321 389 415 480 'Num
445 423 521 468 vero
549 404 652 468 ubivis
680 413 865 468 constanter
891 391 1039 466 vocalem
1062 404 1310 486 &adhibuerint

189 508 252 570 iarn
272 506 403 570 Ahrens
421 507 469 587 (II,
494 508 564 588 128)
582 509 670 588 quod
688 508 731 570 ad
749 508 920 578 Pindarum
938 508 1077 587 pertinet
1095 507 1309 582 addubitavit;

189 609 288 672 nihilo
319 619 428 672 tamen
462 611 565 672 secius
596 609 704 690 paullo
737 617 815 691 post
837 609 878 690 (p.
909 623 967 688 132
998 611 1059 689 sq.)
1095 629 1209 672 omnes
1240 609 1310 673 illas

189 712 295 792 epicas
326 710 446 774 formas
479 713 510 773 in
542 711 668 773 Pindari
704 710 893 774 carminibus
930 719 1073 792 repertas
1108 697 1309 774 librationum

188 814 358 876 socordiae
380 815 519 896 imputat
546 815 816 895 corrigendosque
844 833 915 876 esse
943 815 1110 895 praecipit,
1142 817 1192 876 cui
1214 835 1309 895 prae·

187 925 286 996 cepto
317 935 430 978 omnes
459 935 560 996 paene
590 917 782 979 recentiores
812 916 910 978 critici
937 914 1084 978 obsecuti
1112 923 1200 992 sunt,
1234 937 1310 979 num

188 1021 269 1094 iure,
304 1018 399 1080 valde
429 1019 558 1082 dubito.
595 1018 725 1081 Etenim
754 1037 983 1098 nonnunquam
1006 1017 1153 1080 choricos
1184 1021 1309 1100 epicum

188 1143 209 1204 η
238 1121 269 1182 in
298 1121 431 1184 vocibus
460 1142 503 1184 ex
529 1122 620 1202 epica
650 1119 757 1202 lingua
781 1123 987 1203 depromptis
1019 1135 1084 1183 non
1113 1122 1308 1202 repudiasse,

70 1285 73 1290 ,
188 1222 248 1284 sed
278 1223 458 1285 sentcntiae
491 1223 604 1304 'opicae
635 1224 725 1304 epica
755 1225 843 1289 vocis
880 1222 984 1286 forma
1021 1230 1145 1285 retenta
1183 1225 1309 1305 epicum

189 1343 317 1404 quoque
340 1324 490 1386 colorem
509 1325 654 1388 imbuere
671 1325 831 1389 studuisse
850 1325 926 1387 mihi
950 1345 988 1387 ea
1005 1327 1075 1408 ipsa
1097 1343 1148 1387 res
1170 1325 1309 1406 probare

189 1426 322 1499 videtur,
346 1429 433 1506 quod
448 1425 511 1493 hoc
529 1428 560 1488 in
578 1447 635 1488 usu
653 1447 785 1508 prorsus
803 1429 885 1489 inter
903 1447 939 1489 se
957 1429 1168 1493 consentiant.
1202 1425 1308 1508 Quam

188 1547 256 1588 rem
266 1527 423 1609 exemplis
433 1527 513 1590 inira
522 1531 715 1592 enumeratis
723 1530 827 1609 magis
836 1528 1053 1610 apparituram
1072 1547 1144 1591 esse
1162 1528 1307 1590 arbitror.

275 1629 368 1691 Nunc
391 1629 467 1692 mihi
491 1631 550 1692 erit
573 1651 668 1693 curae
690 1651 744 1694 eas
768 1631 886 1697 formas
909 1629 1032 1704 afferre,
1063 1647 1145 1710 quae
1167 1631 1198 1692 in
1220 1630 1307 1692 libris

190 1741 301 1812 aperte
324 1731 469 1794 vocalem
494 1737 514 1796 ᾶ
536 1731 701 1813 praebent.
1106 1714 1108 1720 s

276 1833 314 1894 Α.
350 1832 403 1895 Ac
420 1834 558 1915 primum
581 1835 713 1914 quidem
731 1833 885 1898 Pindarus
904 1833 1065 1913 ceterique
1087 1832 1204 1898 chorici
1227 1835 1307 1896 inter

188 1954 261 1998 sese
282 1937 520 1998 consentientes
542 1934 661 2016 ubique
683 1936 852 2017 pristinum
875 1941 895 2000 ᾶ
918 1935 1128 1996 retinuerunt:

272 2036 304 2109 1.,
337 2038 367 2098 in
395 2036 671 2099 terminationibus
700 2037 779 2117 sing.
814 2037 834 2098 l
866 2035 945 2100 decl.
981 2037 1049 2097 sive
1086 2030 1205 2097 vocalis
1237 2036 1305 2097 sive

188 2157 332 2200 consona
355 2141 528 2220 praecedit,
551 2137 661 2202 veluti:
690 2135 710 2204 ἁ
732 2133 825 2220 τύχα,
848 2141 910 2213 τᾶς
932 2132 1042 2219 τύχας,
1060 2141 1103 2224 τᾷ
1125 2131 1217 2224 τύχᾳ,
1241 2134 1306 2201 τὰν

188 2236 296 2321 τύχαν
319 2248 351 2325 et
370 2236 500 2323 Ἑρμαῖς,
524 2275 573 2318 -,
593 2237 701 2329 Ἑρμᾷ,
720 2237 851 2324 Ἑρμᾶν,
870 2235 978 2323 Ἑρμᾶ.
1020 2247 1021 2252 ’

202 2342 212 2364 “
275 2340 348 2423 Qua
376 2342 407 2402 in
437 2361 472 2402 re
495 2341 585 2421 Ibyci
614 2341 867 2423 fragmentorum
895 2343 1050 2422 scriptura
1076 2340 1135 2402 sibi
1162 2348 1305 2414 constat;

155 2475 156 2478 κ
188 2462 306 2524 nempe
328 2463 414 2508 nom.
438 2463 485 2523 pr.
507 2439 642 2528 Κυάρης
668 2443 714 2522 (ir.
734 2447 785 2524 το)
808 2443 869 2506 sub
892 2444 974 2506 hanc
996 2441 1100 2522 legem
1121 2461 1188 2503 non
1210 2443 1305 2519 cadit,

187 2545 346 2624 siquidem
367 2547 409 2606 ad
431 2545 669 2606 similitudinem
688 2545 832 2607 Persicae
849 2545 938 2606 vocis
961 2542 1109 2606 Koresch
1131 2542 1304 2606 formatum

187 2645 241 2708 vel
262 2647 393 2728 propius
416 2647 540 2708 accedit
563 2647 605 2707 ad
627 2647 729 2727 ipsam
752 2645 888 2708 lormam
912 2646 1086 2720 Persicam,
1107 2663 1207 2726 quam
1229 2665 1304 2726 pos-

187 2749 285 2808 terior
322 2747 425 2810 lorma
453 2751 575 2830 Κῦρος.
631 2747 789 2810 Attamen
821 2748 917 2810 ctiam
957 2747 1009 2810 hic
1042 2746 1182 2810 nonnulli
1209 2748 1303 2810 codd.

186 2844 356 2934 depue⁷l
392 2851 537 2922 tradunt,
574 2869 656 2929 quae
691 2848 798 2912 'forma
833 2849 946 2914 Doridi
982 2851 1195 2913 accomodata
1232 2868 1303 2911 esse

185 2952 320 3014 videtur.
1214 2957 1220 2970 '

222 3081 226 3092 ·
272 3051 307 3114 In
341 3061 521 3114 ceterorum
556 3072 634 3115 vero
669 3052 871 3115 choricorum
908 3051 1096 3133 fragmentis
1132 3051 1301 3132 aliquoties

185 3155 323 3236 genuina
351 3153 469 3216 vocalis
498 3177 518 3218 α
542 3163 680 3235 propter
708 3155 900 3236 scriptorum
931 3155 983 3234 qui
1012 3173 1050 3216 ea
1075 3153 1206 3228 ,tradunt
1227 3173 1302 3216 con·

185 3258 387 3318 suetudinem
423 3255 546 3337 vulgari
571 3279 592 3341 η
623 3257 732 3319 cessit:
762 3256 851 3322 Sim.
877 3256 912 3322 ir.
941 3258 985 3334 46
1017 3255 1232 3341 θεριζομένη,
1269 3263 1302 3316 at

188 3361 253 3422 duo
285 3358 380 3420 codd.
406 3358 624 3442 θεριζομένα;
655 3360 697 3420 60
727 3363 786 3444 γῆς
812 3360 934 3436 (contra
961 3361 1002 3438 63
1035 3367 1121 3420 recte
1146 3360 1229 3441 γᾶς);
1260 3358 1303 3418 66

89 3525 92 3534 ,
186 3464 291 3546 σιγῆς,
314 3461 373 3522 scd
395 3461 468 3525 cod.
488 3459 585 3522 Gesn.
608 3479 650 3522 m.
673 3461 769 3544 σιγᾶν
776 3482 787 3538 ;
810 3462 851 3542 76
873 3457 937 3547 τήν
959 3460 1058 3523 schol.
1081 3459 1168 3534 Eur.;
1191 3467 1302 3522 contra

185 3559 251 3626 τάν
275 3563 370 3624 codd.
389 3560 465 3622 Plat.
490 3582 555 3643 rep.
578 3562 614 3638 11,
638 3564 696 3643 365
718 3561 760 3638 (ἶ,
783 3562 917 3628 Bacch.
942 3561 976 3624 fr.
997 3577 1042 3641 13,
1068 3577 1080 3624 1
1108 3556 1236 3644 εἰρήνη;
1260 3560 1302 3622 26

186 3662 249 3750 τὴν
267 3664 379 3748 φίλην,
396 3679 436 3744 39
455 3660 526 3748 τήν.
546 3661 645 3727 Stes,
664 3663 699 3726 fr.
721 3681 745 3730 1.
761 3659 938 3749 Ποδάργης
955 3664 1006 3729 Et.
1025 3663 1077 3742 M„
1094 3670 1128 3725 at
1143 3660 1182 3726 al.
1205 3662 1301 3724 codd

184 3761 378 3846 Ποδάργας;
407 3779 444 3844 35
469 3765 697 3850 χολωσαμένη,
722 3761 828 3849 μόνης
849 3765 931 3842 (cod.
948 3765 988 3828 V.
1006 3766 1105 3850 μιᾶς),
1129 3771 1168 3844 38
1181 3761 1301 3848 Ἑλένη.

255 3985 275 4051 ⁷)
294 3987 471 4037 Schneidewin
489 3987 537 4046 (lb.
556 3988 637 4050 Rheg.
655 3987 709 4037 rell.
731 3987 787 4054 195)
806 3984 920 4055 Κυάρης
946 4001 991 4051 pro
1017 3981 1164 4056 ‘cyaxares'
1190 4001 1204 4036 a
1227 3990 1302 4052 putta

185 4057 280 4106 dictum
305 4070 360 4104 esse
382 4062 479 4119 censet,
507 4055 643 4118 quodiam
662 4069 688 4104 re
710 4055 765 4120 ipsa
783 4057 939 4120 reprobatum
966 4055 1217 4119 nempeCyuxares,
1244 4069 1301 4102 cum

184 4124 323 4241 ggleygffitgs
341 4124 498 4188 temporibus
527 4122 620 4172 iamdiu
648 4128 712 4172 esset
737 4124 800 4172 inter
825 4131 953 4184 mortuos,
979 4123 1085 4172 minime
1108 4123 1145 4172 illi
1169 4124 1224 4186 regi
1251 4127 1303 4171 erat
