3042 4804
600 272 810 338 ..25-

433 427 480 502 ΙΙ,
501 427 557 490 De
579 430 772 509 geminata
794 428 923 491 littera
944 451 975 512 μ.

230 567 267 620 a,
294 547 326 607 in
352 546 392 628 pl.
418 566 509 627 pron.
536 545 559 611 Ι.
587 557 620 609 et
642 547 678 612 ΙΙ.
701 567 798 629 pers:
829 547 864 610 ln
891 547 997 628 lingua
1024 548 1115 629 epica
1136 556 1265 630 praeter

143 647 292 728 vulgares
312 656 344 710 et
361 650 482 710 ionicas
501 648 621 711 formas
640 651 768 731 saepius
787 669 917 730 quoque
935 651 966 711 in
981 649 1123 712 Aeolum
1140 670 1265 713 morem

143 751 340 831 geminatae:
376 743 491 833 ἄμμες,
524 785 576 827 -,
609 744 741 834 ἄμμιζν),
777 744 870 834 ἄμμε,
901 743 1014 835 ὔμμες,
1046 787 1098 828 -,
1128 745 1264 836 rippam),
1346 788 1351 798 ·

142 845 228 936 ὔμμε
251 851 535 932 deprehendimus,
562 872 640 932 quas
663 872 703 913 ne
726 852 812 914 attici
836 853 966 932 quidem
988 861 1106 934 po‘etae
1132 873 1264 933 prorsus

142 954 320 1035 repudiant.
366 953 521 1016 Pindarus
544 962 653 1017 autem
676 974 740 1017 non
762 963 896 1036 usurpat
918 955 976 1016 nisi
999 955 1137 1018 aeolicas
1160 955 1288 1034 ffeter.

146 1057 206 1136 51).
242 1054 351 1118 Semel
374 1063 499 1118 tantum
521 1055 557 1136 (J.
579 1056 616 1130 11,
637 1059 689 1136 30)
707 1053 787 1140 ὑμῖν
805 1056 944 1119 offerunt
966 1057 1050 1131 libri;
1073 1077 1150 1120 num
1169 1065 1264 1132 recte,

143 1157 298 1221 dubitem.
352 1155 389 1219 In
415 1157 492 1220 Sim.
527 1171 553 1237 5,
591 1160 627 1220 18
659 1157 827 1220 Hermann
855 1159 1009 1221 traditum
1046 1155 1127 1242 ὑμῖν
1159 1167 1264 1220 metro

142 1259 309 1340 flagitante
335 1262 368 1322 in
394 1252 485 1344 ἔμμῐ
486 1282 506 1324 ν
529 1261 721 1322 emendavit.
765 1259 802 1321 ln
830 1261 940 1343 adesp.
972 1277 1031 1339 140
1057 1281 1076 1322 a
1102 1259 1264 1322 Meinekio

142 1359 301 1425 Simonidi
324 1361 376 1424 vel
393 1361 581 1441 Bacchylidi
604 1361 765 1424 vindicato
788 1362 946 1424 scribitur:
970 1355 1072 1445 ἄμμιν
1087 1361 1130 1440 (V
1151 1355 1264 1446 ἄμμιν,

144 1463 245 1544 vulgo
269 1460 367 1547 ἁμῖν).

230 1566 270 1641 b.‚
293 1568 324 1628 in
346 1563 501 1628 infinitivo
524 1563 615 1627 verbi
637 1565 737 1630 subst.
760 1562 905 1648 ἔμμεναι.
952 1565 1015 1646 Qui
1042 1567 1172 1646 quidem
1195 1586 1267 1647 per-

142 1667 272 1729 hibetur
293 1668 325 1729 in
348 1665 425 1729 Sim.
451 1679 477 1746 5,
499 1685 528 1747 9.
561 1682 606 1740 10,
625 1667 706 1730 Prat.
728 1665 750 1741 1,
768 1685 797 1747 9,
826 1668 936 1748 adesp.
963 1683 1010 1746 39,
1033 1683 1078 1728 12.
1111 1667 1265 1729 Pindarus

143 1770 250 1850 (Peter
267 1771 319 1848 65)
338 1768 437 1831 habet
455 1763 601 1851 ἔμμεναι,
629 1765 729 1852 ἔμμεν
747 1768 913 1850 semelque
930 1763 1025 1848 εἶναι,
1050 1771 1138 1850 quod
1159 1767 1265 1831 Christ

142 1893 218 1934 cum
241 1871 487 1935 Schneidewino
510 1871 542 1931 in
565 1867 666 1954 ἔμμεν
688 1871 837 1934 correxit.
967 1891 972 1900 ’

331 2077 332 2080 ,
409 2023 467 2087 111.
512 2023 569 2086 De
590 2024 781 2103 geminata
804 2021 949 2102 liquida
972 2027 999 2087 λ.

229 2144 267 2207 ln
289 2141 367 2208 Sim.
388 2159 431 2222 49
453 2142 589 2204 traditur
610 2142 705 2204 mirus
723 2145 828 2222 primo
846 2141 962 2204 obtutu
980 2145 1125 2222 imperat.
1147 2141 1266 2207 ἔλλαθι
1380 2183 1385 2188 -

142 2243 257 2323 (schol.
292 2243 376 2306 Ven.
406 2245 432 2305 B
459 2245 502 2306 ad
536 2244 572 2307 Il.
599 2267 627 2318 κ,
655 2247 737 2323 252),
770 2264 866 2324 quem
898 2243 1030 2306 forsitan
1061 2244 1265 2326 respicientes

143 2347 346 2427 grammatici
368 2355 494 2410 notant:
518 2348 667 2422 σπανίως
687 2343 729 2411 τὸ
752 2344 839 2410 torva
861 2345 1085 2429 ἐκτεταμένον
1107 2347 1267 2430 τρέπουσι

143 2446 187 2528 (οἱ
210 2448 355 2526 Αἰολεῖς)
378 2447 426 2524 εἰς
447 2473 472 2528 ε,
489 2443 565 2514 οἷον
582 2445 678 2513 ἵλαθι
696 2445 815 2512 ἔλλαθι
832 2449 934 2530 χίλιοι
955 2449 1079 2530 χέλλιοι
1096 2449 1158 2526 (Et.
1182 2448 1265 2512 Gud.

145 2553 216 2632 566,
240 2553 291 2630 26)
311 2561 344 2614 et
363 2549 482 2615 εἵλαθι·
511 2547 543 2615 οἵ
557 2548 692 2624 Αἰολεῖς
709 2537 772 2631 γὰρ
790 2546 909 2614 ἔλλαθι
926 2549 1079 2632 λέγουσιν
1095 2548 1266 2628 (Choerob.

142 2652 246 2716 Bekk.
268 2655 466 2732 annx1366).

231 2754 357 2818 Curtius
385 2753 485 2818 Verb.
509 2754 532 2828 Ι,
566 2767 622 2833 173
651 2753 734 2814 hunc
761 2753 907 2834 imperat.
941 2773 960 2815 a
986 2761 1025 2815 st.
1053 2750 1107 2817 ἵλα
1130 2753 1267 2834 seiungit

142 2856 282 2920 sortasse
313 2865 420 2922 motus
454 2857 732 2936 argumentatione
761 2855 917 2916 Ahrentis
949 2856 983 2936 (Ι,
1015 2857 1097 2934 284),
1127 2856 1181 2936 qui
1211 2856 1267 2918 vix

143 2978 341 3038 quemquam
364 2957 426 3019 sibi
447 2975 672 3038 persuasurum
696 2975 768 3018 esse
791 2955 1073 3019 eosdem·Aeoies
1101 2965 1133 3018 et
1155 2955 1268 3033 ἔλλαος

143 3071 177 3122 et
200 3057 320 3126 ἔλλαθι
342 3059 464 3122 dixisse
486 3066 519 3121 et
545 3057 734 3138 imperativo
761 3054 855 3122 ἵλαθι
882 3057 933 3120 vel
955 3054 1050 3141 ἵληθι
1071 3078 1136 3118 non
1159 3058 1268 3138 appel·

143 3163 204 3224 lari
235 3162 295 3224 nisi
327 3164 407 3224 deos
437 3159 600 3242 professus
631 3167 688 3220 est.
734 3157 812 3220 Cum
842 3179 920 3220 vero
948 3158 999 3221 hic
1026 3180 1091 3221 non
1122 3161 1176 3233 dii,
1208 3162 1267 3222 sed

143 3265 282 3326 Hecuba
304 3265 391 3326 etin
414 3261 535 3325 Callim.
559 3261 593 3322 fr.
620 3277 673 3322 121
701 3261 891 3340 imperativo
910 3257 1026 3325 ἔλλατε
1049 3281 1114 3322 non
1134 3261 1185 3336 dii,
1209 3263 1267 3324 sed

144 3364 277 3428 Gratiae
286 3365 503 3447 implorentur,
512 3363 570 3425 has
586 3361 706 3424 formas
716 3381 790 3423 cum
807 3361 972 3424 homerico
983 3351 1061 3427 οὖλε
1081 3363 1267 3424 coniunctas

142 3466 380 3549 significatione
402 3486 421 3528 a
440 3463 534 3549 χαῖρε
557 3485 621 3527 non
644 3463 772 3526 differre
791 3465 909 3527 docent
925 3461 1117 3544 Curtiusque
1135 3483 1154 3524 a
1169 3466 1268 3544 stirpe

144 3565 254 3649 οελΡα
282 3569 392 3649 (Verb.
416 3567 439 3642 I,
465 3569 534 3646 173)
562 3575 595 3629 et
619 3563 688 3644 ὁλν,
716 3562 786 3649 di?
803 3567 883 3648 (Et.⁴
903 3570 973 3646 374)
1000 3568 1108 3646 posita
1135 3564 1268 3628 derivat.

143 3673 215 3736 Nec
238 3669 348 3734 tamen
370 3688 484 3733 causae
506 3687 525 3729 a
552 3667 664 3730 litteris
692 3679 841 3751 sumptae
863 3676 997 3748 cogunt,
1027 3678 1062 3728 ut
1084 3663 1203 3731 ἔλλαθι
1226 3666 1267 3728 ab

143 3774 239 3861 ἵληθι
261 3791 470 3853 segregemus
493 3777 526 3831 et
549 3790 622 3831 cum
644 3769 792 3834 Ahrente
820 3773 850 3832 in
873 3769 1014 3833 Aeolide
1036 3772 1127 3830 iuxta
1149 3765 1268 3832 ἔλλαθι

143 3877 206 3940 adi.
221 3875 338 3950 ἵλλαος
355 3869 529 3954 (Choerob.
545 3884 615 3950 225,
637 3873 659 3934 6
676 3871 811 3948 Αἰολεῖς
832 3871 946 3946 λλλαος
967 3871 1023 3934 καλ
1047 3865 1122 3952 οὐχὶ
1142 3865 1267 3963 ἔλλαος)

144 3987 277 4042 exstare
293 3975 442 4055 nequisse
460 3975 703 4040 contendamus.
731 3973 816 4036 Nam
835 3975 917 4036 inter
932 3975 1059 4054 copiam
1076 3970 1268 4033 aeolicorum
1334 4047 1336 4052 Α

143 4080 320 4143 verborum
338 4077 370 4138 in
388 4075 507 4159 -ἓῇῥῖι
530 4093 628 4134 unum
648 4078 746 4136 etiarn
765 4075 1015 4157 deprehenditur
1034 4072 1195 4157 οἰκτίρροι
1213 4077 1268 4149 (ex

145 4181 314 4264 olxrspjor)
337 4185 370 4239 et
392 4192 620 4253 nonnunquam
641 4175 692 4237 vel
714 4175 746 4238 in
768 4178 864 4238 attica
886 4175 994 4255 lingua
1017 4175 1136 4238 vocalis
1150 4179 1176 4245 ἶ
1190 4175 1223 4236 in
1244 4177 1269 4244 ἶ
