3042 4804
702 255 914 318 ,4ο-

247 412 363 492 Neque
389 411 493 473 hiatus
523 419 556 472 et
588 413 708 472 omissa
741 409 830 473 elisio
858 419 933 472 ante
954 411 1154 491 pronominis
1178 409 1299 472 formas
1323 400 1372 486 οὗ,

249 508 291 592 ol,
321 509 346 590 ἕ,
370 532 448 592 quas
473 511 580 574 Christ
611 514 652 575 ad
684 511 880 574 fulciendam
911 529 1003 573 suam
1031 513 1226 574 sententiam
1256 511 1372 588 attulit,

248 616 424 694 quidquam
446 613 597 695 probant,
630 621 745 695 utpote
771 633 855 694 quae
877 614 942 675 iam
964 616 996 675 in
1019 613 1156 676 Homeri
1178 613 1372 676 carminibus

249 717 351 778 acrius
383 735 481 796 quam
516 715 595 778 aliae
618 713 810 778 memoriam
842 716 963 796 antiqui
996 718 1065 777 soni
1101 715 1267 794 servarint,
1299 735 1372 778 cum

249 817 338 880 solae
360 817 428 881 fere
450 818 512 881 sint
534 838 617 899 quae
639 817 683 879 ibi
705 826 740 880 ut
769 818 987 899 producantur
1009 827 1204 898 praeeuntes
1226 817 1372 898 syllabae

248 919 364 981 breves
392 921 590 983 constantius
618 918 767 981 efficiant.
812 919 1025 1000 Nequaquam
1048 927 1156 982 autem
1179 919 1224 981 illi
1246 919 1372 982 litterae

249 1021 404 1100 digammi
432 1021 620 1087 defensores
648 1041 762 1083 causas
785 1019 899 1084 afferre
920 1030 1058 1103 possunt
1081 1029 1194 1096 certas,
1224 1042 1280 1084 cur
1302 1022 1373 1086 Pin·

249 1125 354 1200 darus‚
372 1125 399 1185 si
415 1125 580 1204 digamma
589 1124 724 1204 scripsit,
744 1133 819 1186 ante
837 1124 969 1187 easdem
985 1143 1083 1186 voces
1103 1123 1204 1186 modo
1222 1125 1373 1186 vitaverit

249 1224 350 1286 modo
373 1225 539 1287 admiserit
562 1224 737 1287 elisionem.

334 1325 443 1406 Quare
466 1325 527 1388 alia
550 1335 584 1388 et
611 1347 686 1389 vera
714 1327 794 1389 illius
821 1328 882 1390 rei³
896 1327 1070 1408 explicatio
1093 1336 1143 1389 est
1164 1329 1372 1408 exquirenda.

249 1426 411 1508 Quoniam
443 1427 528 1490 enim
554 1427 726 1491 Pindarum
757 1428 858 1492 multa
888 1429 929 1490 ab
958 1431 1049 1509 epica
1080 1429 1188 1510 lingua
1219 1423 1372 1492 ascivisse

249 1529 399 1592 omnibus
422 1538 471 1591 est
493 1538 616 1605 notum,
639 1532 715 1610 quid
737 1531 880 1611 impedit,
904 1533 1074 1610 quominus
1093 1551 1167 1593 eum
1190 1531 1289 1592 etiam
1312 1531 1373 1593 hac

248 1630 279 1690 in
302 1651 335 1692 re
358 1631 484 1711 epicum
507 1651 600 1693 usum
623 1633 782 1694 imitatum
805 1651 877 1694 esse
898 1633 1085 1695 credamus?
1108 1630 1215 1712 Quam
1238 1633 1371 1712 quidem

249 1733 437 1793 sententiam
460 1752 574 1813 reapse
596 1742 716 1795 rectam
740 1753 811 1796 esse
830 1732 939 1808 elucet,
965 1753 1039 1796 cum
1062 1743 1138 1796 ante
1161 1735 1292 1796 easdem
1315 1754 1373 1815 po-

249 1835 408 1894 tissimum
431 1854 528 1895 voces
558 1837 639 1897 sicut
657 1835 838 1898 Homerum
866 1855 940 1898 eum
957 1836 1205 1898 antecedentem
1226 1834 1372 1898 vocalem

250 1954 315 1995 non
338 1934 458 1997 elisisse
481 1955 726 2017 cognoscamus.
762 1938 890 2000 Deinde
908 1937 1005 2000 etiam
1028 1956 1101 1998 cum
1118 1936 1265 1998 Homero
1289 1935 1372 2009 facit,

249 2038 337 2116 quod
347 2036 444 2100 nihilo
454 2041 557 2101 secius
566 2041 725 2103 interdum
744 2049 819 2102 ante
837 2039 894 2101 has
912 2058 1011 2101 voces
1021 2039 1052 2099 in
1069 2039 1226 2119 principio
1246 2033 1370 2118 digam-

249 2147 337 2202 mate
366 2140 505 2221 insignes
534 2141 682 2204 vocalem
710 2142 791 2203 eicit.
837 2139 929 2222 Quae
958 2161 1010 2202 res
1039 2140 1124 2203 bene
1147 2149 1180 2202 et
1202 2138 1295 2213 facile
1317 2159 1373 2200 ex·

248 2240 393 2320 plicatur,
416 2242 441 2302 si
464 2242 635 2304 Pindarum
655 2242 738 2304 hunc
756 2261 849 2304 usum
867 2263 910 2304 ex
928 2243 1022 2322 epico
1045 2261 1193 2305 sermone
1211 2241 1372 2322 recepisse

248 2345 427 2404 statuimus.

335 2441 418 2505 Cum
445 2452 552 2506 autem
583 2445 791 2525 digammatis
818 2446 883 2506 vim
914 2448 978 2506 iam
1006 2447 1170 2527 epicorum
1193 2447 1371 2506 carminum

248 2552 368 2625 po'etae
391 2567 433 2609 ex
456 2549 634 2627 antiquiore
650 2547 778 2628 linguae
793 2557 900 2611 aetate
922 2548 1112 2628 acceperint,
1135 2547 1239 2628 ipsam
1262 2555 1370 2608 autem

249 2646 386 2710 litteram
418 2668 482 2710 non
514 2649 699 2730 scripserint
730 2669 867 2729 eamque
897 2651 928 2710 in
963 2658 1108 2712 nostrum
1136 2649 1272 2711 Homeri
1304 2668 1371 2710 car-

249 2751 371 2810 minum
404 2758 531 2812 textum
564 2770 629 2811 non
667 2771 738 2812 esse
772 2752 988 2832 recipiendam
1014 2750 1154 2812 Leskien
1177 2751 1372 2825 (Rationem,

250 2869 347 2930 quam
369 2849 426 2912 lm.
449 2850 576 2915 Bekker
599 2860 658 2914 etc.
681 2852 810 2934 Lipsiae
836 2853 926 2928 1866)
950 2853 1125 2915 luculenter
1142 2851 1302 2934 probarit,
1331 2871 1371 2914 eo

250 2953 354 3013 minus
382 2953 428 3014 ius
457 2961 668 3034 potestasque
694 2955 787 3016 adest
813 2954 946 3035 putandi
973 2954 1144 3016 Pindarum
1171 2955 1291 3034 quippe
1318 2956 1371 3033 qui

250 3053 447 3117 homericum
480 3061 573 3119 usum
604 3058 782 3119 imitaretur
819 3077 853 3119 re
888 3077 965 3118 vera
1001 3057 1210 3136 digammatis
1242 3058 1371 3136 signum

250 3175 385 3236 usquam
416 3159 571 3239 posuisse.
617 3158 708 3240 Quae
738 3159 870 3240 quidem
901 3179 974 3220 mea
1006 3160 1165 3220 sententia
1195 3158 1372 3219 certissime

249 3257 456 3323 confirmatur
471 3281 530 3322 usu
546 3270 726 3324 ceterorum
745 3261 957 3336 choricorum,
973 3261 1026 3341 qui
1044 3279 1117 3322 cum
1129 3259 1266 3322 Pindaro
1277 3258 1372 3340 plane

249 3370 439 3442 congruunt.
491 3347 566 3425 Illos
596 3384 673 3425 vero
706 3364 911 3444 digammatis
947 3365 1075 3442 signum
1107 3379 1283 3442 usurpasse
1312 3381 1372 3423 nec

250 3464 452 3542 grammatici
476 3466 596 3545 antiqui
614 3483 749 3545 usquam
765 3467 894 3526 tradunt
917 3483 976 3526 nec
994 3462 1063 3526 libri
1079 3464 1164 3544 varii,
1187 3445 1240 3544 qui
1259 3483 1371 3524 eorum

249 3562 431 3644 fragmenta
453 3569 628 3642 continent,
650 3586 792 3647 unquam
815 3565 1037 3646 comprobant.
1067 3565 1214 3646 Denique
1237 3567 1269 3626 id
1292 3584 1372 3645 quo·

250 3685 313 3745 que
344 3669 405 3728 dici
435 3677 545 3749 potest
576 3669 782 3749 digammatis
812 3687 945 3740 sonum,
981 3670 1035 3748 qui
1071 3686 1145 3730 cum
1176 3665 1371 3729 Lesbiorum

250 3775 428 3848 poetarum,
452 3770 629 3845 Alcmanis,
653 3769 810 3832 Corinnae
833 3771 923 3850 poesi
940 3771 1119 3832 domestica
1134 3769 1217 3832 bene
1240 3788 1371 3832 concor-

252 3871 355 3946 daret,
387 3874 428 3934 ab
456 3871 657 3935 choricorum
687 3873 762 3934 inde
791 3871 832 3934 ab
856 3870 1043 3934 Stesichoro
1071 3870 1241 3940 universali
1264 3874 1372 3952 poesis

251 3993 370 4054 genere
392 3973 605 4038 abhorruisse.

337 4075 463 4158 Quibus
486 4076 580 4138 rebus
603 4076 750 4156 probatis
770 4096 842 4138 cum
857 4077 1039 4138 accedimus
1058 4077 1100 4138 ad
1124 4076 1275 4157 exempla
1298 4096 1372 4158 pro·

250 4177 391 4255 ferenda,
414 4187 611 4259 repetamus:
635 4176 780 4240 choricos
804 4180 1040 4240 consentientes
1059 4199 1132 4240 cum
1151 4181 1248 4259 epicis
1268 4179 1371 4259 etqui
