3042 4804
693 246 884 292 ...2-

229 401 355 464 sincero
386 401 569 480 conscripta
601 419 672 462 esse
703 399 771 462 luce
798 399 912 462 clarius
940 419 981 462 ex
1013 418 1125 460 eorum
1157 397 1345 478 fragmentis

231 509 373 584 apparet.

314 602 412 686 Quod
429 602 556 682 quidem
577 603 723 682 quamvis
747 602 786 662 sit
810 601 934 676 mirum,
956 621 1156 683 nequaquam
1173 622 1193 663 a
1215 601 1346 665 libidine

229 715 262 770 et
284 706 412 768 licentia
435 711 606 785 poetarum
629 702 785 782 originem
809 705 956 778 traxisse,
978 705 1036 766 sed
1055 703 1255 767 choricorum
1279 724 1345 766 car-

229 809 349 871 minum
369 816 449 882 ortu,
465 825 591 886 genere,
610 807 813 884 argumentis
833 804 999 886 rhythmis,
1022 807 1128 868 modis
1147 826 1218 868 esse
1235 815 1347 887 postu·

229 910 327 972 latum
347 911 410 972 iam
422 907 551 970 Ahrens
564 909 594 968 in
609 908 881 970 commentatione
903 905 1014 994 ‘ueber
1033 907 1085 969 die
1103 907 1271 989 mischung
1289 910 1347 971 der

230 1012 364 1074 dialecte
390 1013 420 1073 in
453 1011 510 1071 der
537 1006 757 1089 griechischen
784 1003 878 1088 lyrik'
912 1013 951 1086 (v.
979 1008 1065 1078 uerh.
1094 1010 1122 1070 d.
1153 1008 1241 1072 Giitt.
1269 1008 1345 1070 Phil.

229 1135 309 1180 vers.
337 1116 415 1192 1852
438 1132 468 1193 p.
496 1124 531 1190 55
557 1111 615 1190 sq.)
643 1109 804 1173 uberrime
836 1119 869 1173 et
896 1110 1102 1174 subtilissime
1129 1112 1245 1176 docuit.
1290 1113 1345 1174 Et-

230 1219 312 1282 enim
335 1218 361 1277 si
380 1217 450 1296 quis
467 1211 664 1276 Graecorum
687 1219 787 1293 potta
808 1231 908 1292 genus
930 1213 1037 1293 poesis
1060 1213 1224 1292 quoddam
1248 1215 1346 1276 voluit

230 1317 393 1392 excolere,
423 1324 458 1378 ut
487 1315 520 1376 id
547 1323 770 1394 assequeretur
798 1333 861 1376 non
888 1333 945 1377 sua
974 1315 1105 1396 propria
1135 1314 1257 1396 lingua,
1288 1318 1344 1380 sed

230 1421 380 1500 quoniam
403 1416 658 1480 antecedentium
681 1422 849 1496 poetarum
873 1436 935 1490 res,
959 1416 1088 1492 modOS,
1111 1416 1282 1497 rhythmos
1304 1453 1345 1464 -

229 1531 337 1603 partes
359 1519 430 1582 illas
452 1527 517 1582 tres
546 1519 707 1594 carminis,
735 1517 776 1580 de
803 1520 916 1598 quibus
943 1517 1034 1580 Plato
1062 1518 1128 1583 Pol.
1151 1519 1194 1582 Ill
1218 1523 1280 1600 398
1302 1520 1345 1582 D:

229 1621 269 1688 τὸ
288 1607 386 1707 μέλος
408 1619 445 1685 ἐκ
463 1623 567 1703 τριῶν
590 1617 658 1684 ἐστὶ
684 1620 910 1702 συγκείμενον,
939 1617 1041 1703 λόγον
1057 1643 1093 1686 τε
1111 1621 1166 1684 καὶ
1185 1617 1348 1705 ἁρμονίας

229 1726 283 1789 καὶ
303 1723 437 1811 ῥυθμοῦ
453 1723 572 1784 diserte
590 1723 742 1802 exposuit
760 1757 801 1768 -
819 1722 962 1784 imitatus
982 1732 1038 1796 est,
1061 1721 1200 1786 dialecto
1219 1744 1347 1805 quoque

230 1847 342 1890 eorum
366 1834 415 1888 est
439 1844 522 1886 usus.
577 1833 580 1838 “

314 1928 426 2010 ltaque
449 1927 630 2006 quicunque
648 1931 774 2006 poetae,
795 1924 893 1988 veluti
912 1923 1104 2002 Simonides,
1123 1926 1187 1988 duo
1210 1929 1291 1990 inter
1313 1948 1348 1992 se

230 2032 333 2096 aliena
354 2029 461 2112 po'esis
483 2047 604 2109 genera
627 2027 776 2090 colebant
803 2047 908 2108 neque
931 2028 1071 2090 carmina
1093 2027 1220 2092 chorica
1242 2029 1347 2092 solum

231 2136 400 2207 canebant,
426 2132 485 2196 sed
508 2133 605 2193 etiam
628 2130 748 2210 elegias
771 2138 803 2192 et
827 2130 1059 2210 epigrammata
1086 2130 1282 2206 scribebant,
1313 2141 1347 2194 ut

229 2238 260 2298 in
283 2236 331 2298 his
354 2253 418 2296 non
442 2233 556 2294 eadem
575 2240 671 2314 atque
694 2233 726 2292 in
747 2230 806 2294 illis
826 2239 987 2294 uterentur
1006 2231 1143 2294 dialecto
1162 2243 1235 2296 sunt
1258 2235 1346 2310 moti,

232 2337 323 2420 Quae
342 2355 414 2398 cum
432 2335 475 2396 ita
491 2335 562 2408 sint,
584 2333 617 2394 id
635 2333 745 2396 statim
762 2333 908 2412 adiciam,
928 2352 980 2394 me
1001 2331 1183 2409 Simonidis,
1203 2335 1348 2415 Bacchy-

230 2438 312 2517 lidis,
333 2431 568 2500 Timocreontis
582 2437 609 2514 ¹),
633 2433 803 2516 Phrynichi
827 2433 999 2516 elegiarum
1023 2444 1055 2497 et
1077 2435 1347 2516 epigrammatum

231 2541 402 2605 dialectum
424 2560 444 2602 a
465 2539 654 2620 quaestione
677 2558 751 2602 mea
771 2536 865 2620 plane
883 2535 1063 2600 excludere.
1110 2538 1203 2602 Nunc
1224 2540 1257 2600 id
1280 2547 1349 2601 tan-

230 2654 298 2707 turn
327 2652 375 2706 est
401 2642 617 2724 propositum,
649 2649 684 2703 ut
711 2642 752 2704 de
778 2639 979 2702 choricorum
1007 2640 1184 2702 carminum
1211 2641 1348 2702 dialecto

231 2765 374 2826 agamus.
410 2742 567 2806 Simonidi
586 2742 682 2822 igitur
700 2762 773 2804 cum
796 2750 882 2804 esset
899 2744 940 2803 ad
956 2740 1103 2804 chorieae
1118 2742 1226 2822 poesis
1244 2761 1347 2821 genus

231 2866 266 2909 se
290 2845 503 2926 applicaturus
534 2852 661 2924 praeter
690 2852 815 2906 ceteros
842 2843 884 2905 ab
912 2841 1073 2904 Alcmane
1101 2851 1133 2904 et
1161 2841 1348 2906 Stesichoro

233 2946 419 3029 exemplum
452 2954 519 3008 erat
558 2947 750 3027 petendum,
790 2945 1050 3026 quandoquidem
1082 2944 1258 3008 Dorienses
1289 2945 1349 3008 soli

233 3048 394 3112 choricam
417 3046 628 3110 excoluerant
649 3047 771 3129 po'esin.
814 3047 958 3110 Eosdem
988 3048 1085 3108 duces
1107 3046 1240 3126 Ibycus,
1270 3047 1348 3110 Bac·

232 3149 387 3230 chylides,
409 3148 459 3212 alii
482 3158 555 3211 sunt
576 3149 684 3211 secuti.

317 3251 510 3333 Alcman²)
543 3252 628 3314 enim
655 3272 674 3314 a
701 3271 849 3314 sermone
872 3246 1080 3336 Laconico
1057 3271 1130 3313 eum
1163 3253 1194 3313 in
1217 3253 1349 3328 modum

233 3355 440 3430 discessit,u
441 3356 515 3416 tei
545 3362 577 3416 et
604 3355 768 3435 epioorum
795 3352 928 3428 formas,
961 3373 1033 3416 cum
1062 3373 1113 3416 res
1141 3355 1352 3434 materiasque

233 3477 343 3520 eorum
359 3457 546 3531 imitaretur,
565 3464 597 3518 et
619 3453 764 3528 aeolicaS,
786 3474 859 3517 cum
877 3452 1046 3534 rhythmos
1069 3455 1203 3517 eosdem
1221 3475 1259 3517 ac
1273 3455 1352 3516 Ter·

232 3559 354 3641 pander
372 3557 519 3632 LesbiuS,
539 3576 604 3618 non
622 3555 786 3638 paululum
805 3555 959 3638 temporis
976 3554 1112 3637 Spartae
1129 3554 1242 3632 incola,
1264 3575 1352 3617 usur·

235 3668 337 3741 paret,
360 3661 391 3721 in
414 3658 605 3724 carminibus
628 3658 692 3720 suis
715 3658 915 3731 admisceret.

320 3759 574 3824 Stesichorus
597 3768 720 3836 autem,
751 3761 870 3842 quippe
899 3759 953 3839 qui
980 3759 1143 3839 epicorum
1165 3756 1352 3839 plerumque

305 3935 324 3994 ¹)
347 3931 376 3982 Id
396 3939 496 3981 tanturn
516 3931 558 3979 hic
576 3945 773 3978 commemorem
792 3931 959 3993 suspicionem
984 3927 1047 3976 mihi
1069 3943 1172 3977 movere
1194 3929 1351 4008 potissimum

235 4017 303 4050 nom.
322 4017 336 4049 a
361 4000 454 4049 criticis
480 4000 581 4047 demum
600 3998 697 4046 illatum
714 3992 797 4075 χέρς
798 3997 919 4062 (Timocr.
930 3996 1008 4060 epigr.
1027 3997 1060 4062 9),
1079 3997 1118 4046 cui
1136 3998 1187 4046 iam
1205 3998 1282 4061 ipsius
1300 3996 1352 4059 epi·

236 4070 381 4149 grammatis
400 4069 495 4116 formae
513 4066 629 4130 vulgares
647 4069 714 4126 νοῦς
733 4073 757 4114 et
775 4081 797 4130 ῳ
815 4065 944 4115 obsistant
985 4064 1076 4129 Neque
1099 4071 1231 4130 praeterea
1250 4079 1351 4126 usquam

236 4139 262 4185 in
281 4137 367 4234 lingua
385 4135 482 4185 Graeca
500 4133 617 4197 indagari
634 4139 724 4197 potest

306 4207 385 4265 ²)De
406 4202 545 4282 Alcmanis·
556 4202 666 4272 diplecto
685 4201 799 4252 disseruit
818 4200 928 4266 Spiess'
922 4217 948 4252 m
966 4201 1036 4252 Stud.
1055 4201 1087 4263 X,
1106 4212 1155 4264 329
1174 4213 1211 4264 sq.
