3042 4804
631 230 843 309 -a-

180 396 244 460 rell.
271 400 340 477 143)
364 385 478 462 Ulixes
501 399 737 479 pronuntiasse;
760 400 789 463 in
813 420 878 480 quo
902 403 957 462 eos
977 401 1083 464 Dores
1102 413 1156 482 (sc.
1173 403 1298 468 Siculos

177 508 212 562 et
228 500 404 563 Dorienses
422 501 563 581 Magnae
579 499 743 579 Graeciae)
765 503 863 583 sequi,
886 504 938 584 qui
956 523 1017 584 pro
1034 501 1162 580 Φυλεύς
1179 503 1299 591 Φύλης,

179 621 238 682 pro
259 597 395 686 Ὀρφεύς
413 595 532 688 Ὄοφης
554 612 586 666 et
604 597 725 688 Ὄοφην
736 605 771 682 ³⁷)
794 605 913 680 dicant,
936 625 995 686 pro
1027 603 1152 682 Τυδεύς
1178 604 1298 694 Titiam

179 706 224 766 sic
246 703 479 767 Antimachum
503 706 608 768 dicere
631 703 736 791 Τύδης
758 713 791 769 et
813 707 997 770 vocativum
1024 705 1130 794 Τύδη;
1154 698 1299 774 similiter

179 807 316 886 Ibycum
340 801 574 891 ὀνομακλυτὸν
592 801 723 894 Ὀρφην.

262 909 364 971 Porro
379 910 558 972 Diomedes
580 910 602 984 l,
627 926 683 990 321
711 911 760 976 ed.
779 911 854 976 Keil
872 912 1007 991 Ibycum
1029 907 1167 998 Οὗλίξης
1189 915 1296 992 (codd.

180 1011 294 1076 Ulixes
317 1020 349 1075 et
372 1009 497 1082 Olixesl
521 1013 642 1075 dixisse
666 1021 813 1088 testatur;
836 1035 865 1074 v.
889 1014 933 1075 lb.
957 1013 991 1075 fr.
1019 1033 1064 1078 11.

263 1115 411 1195 Denique
443 1123 526 1177 teste
554 1114 724 1176 Plutarcho
755 1115 893 1180 Marcell.
923 1131 977 1178 20:
1009 1113 1107 1193 πόλις
1137 1117 1207 1182 ἐστὶ
1238 1123 1298 1195 τίς

177 1221 333 1292 Σικελίας
346 1212 505 1302 Ἐγγύϊον·
523 1218 578 1281 καὶ
597 1213 718 1300 λόγχας
737 1216 830 1293 τινὰς
849 1217 1045 1284 ἐδείκνυσαν
1066 1218 1113 1300 (ἐν
1129 1217 1219 1304 ἱεροί)
1239 1269 1246 1282 .
1266 1270 1296 1284 ..

178 1319 319 1404 ἔχοντας
344 1315 486 1398 Οὐλίξου
509 1320 685 1384 τουτέστιν
704 1315 884 1397 Ὀδυσσέως
909 1320 1094 1405 ἐπιγραφὰς
1121 1317 1296 1388 ἀνατεθει-

176 1419 292 1488 κότων
323 1433 396 1498 τοῖς
427 1428 525 1497 θεαῖς
554 1421 678 1485 Siculos
700 1457 743 1468 -
764 1443 839 1485 nam
871 1422 933 1486 hoc
963 1443 1082 1486 nomen
1111 1424 1170 1486 illis
1203 1425 1296 1486 donis

176 1635 308 1690 taneum
331 1635 380 1689 est
403 1661 444 1672 -
467 1628 653 1707 genetivum
674 1621 817 1707 Οὐλίξου
839 1627 1010 1710 protulisse
1032 1630 1257 1710 comperimus,

262 1729 448 1791 Traduntur
464 1729 560 1810 igitur
578 1751 621 1792 ex
636 1728 816 1793 Siculorum
831 1732 986 1794 Dorismo
1004 1731 1114 1796 talium
1133 1733 1297 1818 nominum

171 1832 382 1912 propriorum
405 1831 437 1892 hi
460 1851 564 1893 casus:

262 1954 360 1996 nom:
379 1930 566 2019 Οὐλίξης38)
588 1934 686 2014 Ibyc.,
710 1935 771 2013 alii,
793 1930 916 2022 Ὀρφήν
935 1939 1058 2000 Herod.
1086 1947 1118 2001 et
1134 1939 1228 2000 Prisc.
1255 1975 1297 1985 -

176 2057 262 2118 gen:
295 2031 437 2116 Οὐλίξου
468 2044 552 2099 teste
583 2035 663 2100 Plut.
691 2073 734 2082 -
764 2058 841 2100 acc:
873 2031 994 2123 Ὄρφην
1025 2039 1108 2120 Ibyc.
1138 2077 1181 2085 —
1215 2060 1286 2104 voc.

181 2135 269 2224 Τύδη
292 2137 415 2201 Antim.

261 2240 395 2320 Ibycum
411 2237 581 2318 Ὀλυοοεύς
598 2243 647 2306 vel
664 2238 785 2322 Ὀλιξεί
788 2268 804 2319 ς
825 2246 1048 2326 pronuntiasse
1067 2265 1108 2306 ex
1125 2244 1295 2306 Diomedis

176 2344 283 2406 verbis
297 2343 415 2427 ‚Bergk
436 2345 492 2421 (lb.
516 2345 549 2406 fr.
577 2349 625 2422 11)
649 2365 819 2427 perperam
843 2333 990 2420 coniecit,
1013 2367 1086 2409 cum
1109 2347 1296 2409 nominativi

174 2445 435 2508 terminationem
456 2470 538 2532 -ης
560 2455 592 2510 et
618 2447 797 2509 Diomedes
827 2449 907 2528 ipse,
938 2451 992 2529 qui
1020 2447 1158 2510 formam
1180 2447 1294 2511 Ulixes

177 2549 286 2623 edidit,
309 2557 341 2610 et
359 2549 536 2611 Priscianus
556 2557 710 2611 testentur
734 2557 765 2611 et
787 2549 933 2612 vocalem
956 2573 997 2615 ου
1020 2551 1051 2612 in
1074 2549 1179 2614 fronte
1200 2571 1294 2632 proo

177 2649 366 2713 Plutarchus
390 2651 566 2716 confirmet.
938 2649 941 2655 ’

260 2753 344 2815 Dein
371 2755 412 2816 de
441 2773 516 2815 casu
537 2747 658 2839 Ὄρςοην
684 2754 740 2834 (lb.
762 2754 798 2817 fr.
826 2755 873 2834 10)
902 2755 1184 2818 vehementissime
1212 2776 1295 2818 erra-

176 2863 291 2917 verunt
321 2863 354 2916 et
377 2855 484 2936 Bergk
513 2864 545 2918 et
568 2855 804 2933 Schneidewin,
831 2877 968 2938 quorum
995 2856 1080 2920 alter
1096 2852 1217 2944 Ὀρφὴν
1240 2879 1295 2920 no-

177 2957 364 3019 minativum
378 2979 449 3020 esse
459 2967 577 3034 censet,
596 2959 677 3022 alter
694 2961 891 3042 apertissime
909 2961 1061 3023 traditum
1080 2963 1294 3023 accusativum

177 3053 410 3144 ὀνομακλυτὸν
430 3053 549 3146 Ὀοφην
579 3061 610 3122 in
639 3070 744 3123 vocat.
768 3057 1000 3146 ὀνομάκλυτος
1018 3055 1119 3146 Ὀοφη
1142 3063 1218 3124 satis
1242 3084 1295 3125 au·

175 3159 284 3224 dactei
315 3170 430 3238 mutat,
468 3172 602 3244 uterque
633 3163 784 3225 Prisciani
823 3163 929 3226 verbis
968 3164 1054 3226 haud
1090 3185 1167 3226 sane
1202 3163 1294 3227 claris

177 3266 334 3326 seductus
378 3264 424 3326 At
446 3265 641 3326 Priscianum
665 3285 729 3326 non
753 3265 794 3328 de
816 3266 1019 3328 nominativis
1042 3266 1130 3342 solis,
1163 3266 1222 3329 sed
1255 3266 1296 3328 de

177 3365 390 3428 declinatione
413 3366 446 3426 id
468 3387 569 3447 genus
593 3366 757 3428 nominum
780 3368 926 3429 universa
955 3369 1055 3430 verba
1085 3367 1188 3430 facere
1217 3369 1294 3430 satis

175 3465 280 3548 liquet.

261 3569 367 3651 Quam
391 3570 521 3650 quidem
543 3571 709 3632 nominum
728 3573 932 3652 propriorum
950 3572 1196 3634 declinationem
1215 3591 1294 3634 non·

176 3672 261 3734 nulla
283 3671 447 3734 titulorum
471 3681 503 3734 et
522 3673 705 3734 doricorum
727 3681 760 3735 et
782 3674 1001 3736 arcadicorum
1025 3673 1216 3735 confirmant
1239 3695 1294 3736 ex·

175 3774 290 3856 empla.
328 3773 426 3838 Plane
445 3777 529 3837 enim
549 3775 641 3856 aequi
660 3771 848 3838 nominativi
862 3771 990 3861 γραφίς
1008 3784 1040 3838 et
1059 3771 1154 3860 ἱαοής
1168 3777 1294 3856 saepius

243 3998 276 4061 3⁷)
297 4000 346 4064 Qui
364 4013 433 4049 nom.
458 3993 564 4116 'Opppv
588 3999 628 4062 (cf.
653 3999 748 4048 Herod.
776 3998 793 4060 Ι,
822 4010 852 4060 14
869 3998 958 4064 Lentzl
982 3999 1003 4050 si
1021 4014 1093 4048 verus
1112 4004 1161 4059 est,
1187 3999 1295 4048 conferri

177 4074 259 4130 potest
277 4084 333 4116 cum
353 4068 510 4116 nominativo
545 4067 586 4133 ἡν,
604 4065 662 4134 Λήν
680 4067 722 4115 vel
741 4063 936 4130 boeoticeriv,
956 4062 1015 4119 Ziiv
1032 4067 1084 4130 (Ar.
1101 4069 1147 4117 Av.
1167 4067 1242 4130 570);
1261 4068 1293 4118 cf.

178 4137 272 4187 Herod.
290 4135 336 4201 Ill,
355 4147 402 4198 911
424 4136 509 4184 Lentz.

244 4202 276 4265 3⁸)
297 4201 336 4252 De
356 4205 464 4252 nominis
484 4205 560 4266 stirpe
579 4207 602 4250 et
621 4203 708 4250 litteris
727 4219 750 4252 v.
770 4203 891 4267 Roscher‚
912 4202 980 4254 Curt.
1000 4203 1071 4254 stud.
1089 4203 1134 4268 1v,
1156 4203 1202 4266 196
1221 4221 1258 4269 sq.
