3042 4804
617 270 829 336 ,75-

165 428 287 492 aeolica
318 427 499 508 liquidaep
529 426 780 506 geminationem
804 446 909 506 neque
935 427 966 486 in
990 425 1119 506 reliquis
1143 425 1286 488 dialectis

164 532 411 613 productionem
433 528 665 610 suppletoriam
688 528 808 590 vocalis
830 530 851 592 ὕ
873 549 1008 610 usquam
1033 528 1151 602 effecit,
1177 549 1286 610 quam·

166 653 264 714 quam
290 633 399 694 omnia
425 631 486 693 alia
516 631 727 706 substantiva,
758 632 799 692 ad
830 649 913 710 quae
941 629 1092 692 Schmidt
1121 639 1287 711 provocat,

166 743 294 815 praeter
312 735 419 814 stirpis
438 732 599 812 syllabam
615 733 818 794 immutatam
837 733 935 794 etiam
954 733 1114 793 interdum
1129 732 1285 812 syllabam

164 837 365 917 productam,
387 836 432 896 uti
453 830 572 918 χειρός,
596 830 745 918 δούρατα
767 843 835 908 etc,
858 833 1043 899 exhibent'

249 937 395 1000 Maxime
425 945 534 999 autem
558 934 715 998 Schmidti
739 935 910 1016 explicatio
933 935 1086 998 refellitur
1113 956 1164 1010 e0‚
1197 939 1285 1017 quod

163 1039 285 1102 vocalis
304 1063 324 1114 ι,
345 1041 474 1120 quando
493 1037 659 1119 epenthesi
678 1040 709 1099 in
731 1035 981 1118 praecedentem
1005 1037 1166 1118 syllabam
1189 1059 1285 1119 pene·

166 1151 422 1222 tratrnunquam
446 1141 516 1221 ipsa
532 1161 591 1220 per
609 1160 644 1202 se
668 1139 829 1219 syllabam
853 1139 956 1215 elficit,
980 1140 1038 1202 sed
1062 1157 1189 1220 semper
1212 1161 1284 1202 cum

165 1244 247 1306 illius
266 1243 415 1324 syllabae
433 1241 537 1304 vocali
556 1251 625 1305 arte
643 1244 673 1303 in
689 1241 927 1323 diphthongum
943 1241 1101 1304 coalescit.
1129 1243 1242 1323 ltaque
1259 1246 1287 1306 si

165 1345 323 1409 Schmidti
347 1347 529 1408 coniectura
551 1354 638 1407 recta
661 1355 746 1406 esset
768 1345 819 1407 illa
841 1343 945 1407 forma
967 1345 1020 1408 vel
1037 1359 1118 1430 rrulp
1136 1346 1188 1408 vel
1211 1366 1286 1407 con·

167 1459 269 1512 tracta
283 1453 352 1538 πῦρ
372 1469 444 1513 esse
463 1447 612 1510 debebat.
639 1447 687 1509 At
704 1444 786 1531 πύϊρ
805 1449 891 1530 apud
902 1448 1101 1511 Simonidem
1122 1457 1171 1511 est
1188 1447 1286 1529 bisyl·

165 1550 284 1626 labum,
306 1552 395 1632 quod
417 1550 599 1632 epenthesis
622 1558 753 1612 naturae
775 1550 894 1613 obstat.

248 1654 364 1735 Neque
391 1655 565 1735 quidquam
597 1653 682 1716 valet
711 1657 742 1716 in
765 1652 922 1716 Graecam
946 1651 1100 1727 sormam,
1134 1656 1221 1733 quod
1251 1674 1285 1715 re

163 1777 240 1819 vera
262 1758 459 1819 teutonicum
487 1755 547 1818 fuir
574 1765 606 1818 et
628 1755 780 1818 slavicum
803 1755 889 1836 *pyri
911 1755 997 1836 (boh.
1021 1747 1093 1837 pyi,
1111 1757 1175 1836 pol.
1197 1756 1284 1837 perz)

164 1879 182 1921 a
205 1861 304 1940 stirpe
327 1857 382 1920 luri
410 1867 443 1920 et
465 1865 538 1939 pyrl
560 1858 662 1920 vocali
690 1882 702 1921 ι
724 1856 917 1938 amplificata
945 1859 1153 1920 descendunt.
1200 1857 1285 1920 Nam

124 1955 128 1962 ’
163 1961 242 2023 haec
265 1961 410 2041 stirpium
435 1961 647 2041 discrepantia
669 1961 795 2040 saepius
818 1961 849 2021 in
878 1961 992 2040 linguis
1015 1961 1284 2040 indogermanicis

164 2064 368 2144 conspicitur;
396 2062 434 2124 cf.
460 2071 531 2124 scrt.
561 2059 640 2123 dvrlr
668 2071 699 2124 et
722 2081 825 2141 grace.
852 2049 959 2144 trip-o
982 2061 1034 2124 vel
1061 2081 1166 2142 graec.
1189 2057 1284 2126 κύων

166 2167 214 2247 (st.
236 2168 332 2242 κυον)
347 2173 388 2226 'et
410 2162 461 2225 lat.
484 2165 569 2226 canis
593 2170 642 2243 (st.
665 2167 779 2244 cyani),
802 2165 872 2228 alia.

248 2265 357 2348 Quare
381 2265 485 2329 lacere
507 2286 571 2329 non
594 2287 737 2348 possum,
756 2269 835 2349 ,quin
851 2269 929 2330 duas
952 2269 1044 2330 huius
1062 2269 1151 2331 vocis
1169 2270 1284 2348 stirpes

163 2380 244 2454 πυϊρ
268 2378 300 2430 et
322 2371 390 2452 πῦρ
409 2377 560 2444 statuam;
584 2389 719 2450 quarum
743 2371 843 2432 altera
865 2367 962 2455 πύϊρ,
993 2391 1075 2450 quae
1102 2379 1226 2434 mature
1253 2371 1284 2433 in
1362 2433 1364 2437 .

162 2475 231 2555 πῦρ
261 2470 523 2544 contrahebatur,
554 2473 585 2532 in
616 2491 702 2533 nom.
731 2492 796 2537 acc.
826 2492 874 2552 sg.
905 2493 962 2534 usu
993 2473 1155 2547 conclusa,
1185 2473 1285 2534 altera

163 2593 241 2635 vero
268 2573 398 2635 brevior
424 2574 492 2655 πῦρ
518 2593 648 2653 semper
676 2575 708 2635 in
738 2575 864 2636 casibus
891 2573 1028 2655 obliquis
1051 2583 1204 2655 usurpata
1227 2583 1284 2638 est.

166 2673 259 2756 Quae
281 2675 397 2737 radicis
419 2676 606 2737 vicissitudo
625 2679 733 2738 nescio
752 2697 793 2738 an
811 2678 873 2740 ista
890 2679 1036 2759 stirpium
1056 2677 1284 2750 imminutione,

164 2778 206 2838 de
224 2797 287 2857 qua
306 2776 627 2857 disseruitBrugman
642 2776 775 2841 inStud.
786 2779 840 2854 IX,
860 2778 918 2858 363
936 2799 994 2859 sq,
1013 2777 1165 2859 explicari
1181 2777 1282 2843 liceat.

164 2877 279 2960 Neque
308 2887 418 2940 tamen
447 2877 601 2940 suffixum
624 2881 698 2942 -ir
721 2880 825 2943 adhuc
854 2900 987 2962 usquam
1016 2882 1203 2961 indagatum
1226 2889 1284 2946 est.

624 3139 825 3146 ——ss--u

600 3360 848 3433 Corrigenda:

393 3493 419 3541 p.
456 3486 469 3538 7
490 3476 599 3528 column.
622 3489 653 3525 10
670 3492 716 3541 pro
734 3479 850 3528 imbuere
866 3480 924 3543 lege
936 3498 941 3528 :
952 3482 1056 3530 induere

391 3579 417 3626 P·
439 3573 468 3610 12
537 3597 554 3624 n
634 3574 648 3610 2
685 3602 701 3626 ‚,
737 3549 823 3612 eorum
893 3601 909 3630 ,‚
937 3581 1039 3616 :earum

390 3659 468 3711 11¹4
536 3682 552 3710 n
617 3659 646 3695 12
682 3687 698 3712 ‚‚
734 3638 863 3718 ἅπρηκθς
892 3687 906 3712 ,,
934 3644 1099 3722 εᾶπρηκτος

390 3731 467 3797 p.16
536 3767 551 3794 ‚,
613 3744 642 3795 31
681 3771 697 3796 „
734 3733 842 3782 eandem
894 3771 910 3796 ‚,
938 3739 1065 3788 :eundem

390 3835 416 3882 P·
438 3817 467 3866 ¹⁶
537 3854 552 3878 η
613 3817 645 3881 36
661 3819 667 3826 ’
682 3857 698 3882 ,,
733 3833 858 3882 repugnas
895 3858 909 3881 „
937 3839 1094 3887 :repugnans

390 3919 415 3968 P·
435 3913 466 3967 3⁷
536 3939 551 3968 ν’
613 3916 646 3965 24
681 3940 697 3964 n
732 3903 826 3952 indicat
896 3946 911 3972 „
939 3908 1049 3958 :iudicat

391 4005 417 4053 p.
436 3999 467 4052 37
537 4025 553 4053 ‚,
616 3999 647 4054 35
685 4028 700 4054 „
736 3989 871 4040 eoddicum
896 4028 911 4056 „
939 3995 1081 4047 :codicum

624 4161 826 4169 ——...
