3042 4804
614 268 827 333 ..15..

165 422 289 504 ruptela
314 421 473 485 vocalium
502 447 522 487 α
544 425 576 484 in
599 447 628 508 η,
651 447 670 508 η
693 425 724 511 in
747 447 768 500 ι,
796 443 892 504 quarn
924 426 1037 486 statuit
1064 424 1173 486 durior
1203 422 1280 486 mihi
1339 419 1340 422 ’

164 526 392 587 videturesse.
436 524 470 586 In
497 547 525 587 ν.
549 520 740 610 ὀνησίποίις
766 525 812 598 ob
833 524 1054 588 Simonideum
1079 519 1195 590 oivudn
1217 526 1244 605 (5
1251 527 1279 604 5)

166 627 267 707 magis
290 627 505 708 corruptelam
532 629 684 709 suspicari
712 629 798 700 licet,
831 629 888 690 nisi
916 630 1023 709 potius
1052 636 1185 709 poetam
1207 627 1280 690 huic

165 731 255 812 epice
276 729 353 792 ficto
375 730 436 794 adi.
455 750 559 810 comp.
583 729 632 811 (cs.
654 731 864 814 ἐρασίπτολις
882 730 922 804 H,
939 734 1012 810 305)
1033 733 1130 792 etiam
1154 730 1280 810 epicum

164 832 375 894 vocalismum
398 834 551 895 indidisse
573 842 760 896 statuamus.
807 834 914 896 Valde
936 854 1014 895 vero
1037 834 1135 894 dubia
1158 841 1207 894 est
1229 853 1280 894 res

138 1003 140 1006 .
165 937 196 996 in
218 930 352 1018 ἠλίθιος
373 955 476 1015 neque
507 936 655 1015 equidem
677 934 923 998 Schneidewino
951 935 1123 1017 obloquar,
1157 936 1214 1014 qui
1238 937 1279 996 ad

164 1037 288 1098 Pindari
320 1037 364 1113 (P.
396 1037 447 1110 ΙΙΙ,
484 1037 533 1118 11)
566 1039 754 1119 exemplum
790 1037 947 1102 Simonidi
983 1057 1111 1118 quoque
1146 1031 1280 1112 ἀλίθιος

164 1141 346 1203 vindicavit.

251 1241 296 1315 ΙΙ,
319 1241 538 1304 Vehementer
564 1243 698 1305 offendit
727 1246 867 1305 animum
898 1243 1001 1323 primo
1024 1242 1137 1303 obtutu
1161 1242 1279 1321 Ibycca

164 1341 274 1422 glossa
303 1343 352 1416 (fr.
379 1344 432 1424 60)
459 1347 669 1429 τραπεζητᾶν
698 1349 805 1409 κυνᾶν
834 1345 861 1423 (l.
886 1345 1012 1422 κυνῶν)
1039 1344 1279 1422 Herodianique

165 1455 354 1527 praecepto:
386 1449 583 1532 τραπεζίτης
614 1447 669 1512 ἐπὶ
694 1444 894 1524 amiciret
917 1442 985 1512 ἀπὸ
1012 1449 1076 1512 τοῦ
1098 1443 1279 1530 τραπεζείς

164 1551 348 1632 παρῆκται,
380 1547 434 1613 διὰ
465 1553 525 1634 τῆς
550 1554 576 1620 ᾗ
599 1545 789 1634 διηθόγγου
811 1545 1111 1634 γράφεταιτοῦτο
1135 1548 1171 1613 δὲ
1192 1543 1276 1629 παρ’

162 1643 278 1732 'idriam
294 1641 430 1735 εὕρηται
448 1649 534 1747 πατὰ
549 1648 679 1739 τροπήν
696 1655 757 1738 τῆς
779 1657 804 1723 ᾗ
827 1649 1016 1735 διφθόγγου
1035 1651 1081 1728 είς
1102 1655 1127 1736 ἦ
1146 1651 1279 1730 [Herod.

164 1751 271 1813 techn.
302 1752 366 1816 rell.
397 1753 419 1826 Ι,
454 1764 503 1834 77,
538 1771 576 1816 10
604 1755 651 1829 al,
683 1755 733 1819 ed.
758 1755 874 1831 Lenta)
894 1763 970 1816 tres
1003 1761 1183 1835 repugnant
1214 1772 1278 1815 res:

164 1854 306 1915 Primum
328 1865 440 1917 contra
466 1877 602 1936 graecae
628 1856 753 1938 linguae
783 1857 925 1918 indolem
952 1877 971 1918 a
997 1858 1127 1918 nomine
1153 1857 1279 1935 agentis
1358 1868 1366 1884 ’

164 1954 349 2040 τραπεζεύς
371 1959 475 2020 denuo
499 1958 617 2020 suffixo
639 1963 700 2044 ἦῆξ
718 1979 840 2020 novum
856 1979 973 2021 nornen
991 1951 1115 2040 agentis
1134 1959 1276 2020 eiusdem

164 2062 302 2122 notionis
335 2060 499 2136 formatur3
536 2063 652 2123 deinde
684 2060 903 2143 diphthongus
933 2083 961 2125 ει
992 2063 1023 2122 in
1055 2063 1277 2144 τραπεζείτης,

164 2163 323 2240 siquidem
347 2172 395 2224 est
417 2165 572 2243 genuinus
599 2185 638 2226 ne
665 2165 696 2226 in
723 2167 882 2227 severiore
909 2164 1039 2244 quidem
1061 2162 1184 2224 Doride
1207 2165 1235 2224 in
1259 2185 1278 2246 η

164 2264 309 2325 vocalem
348 2266 537 2326 commutari
573 2274 690 2346 potest.
755 2267 902 2346 Denique
933 2264 1037 2326 forma
1065 2265 1280 2347 τραπεζείτης

164 2368 206 2428 ad
229 2386 325 2446 quam
355 2376 512 2446 provocat
534 2367 747 2442 Herodianus,
778 2387 934 2447 nusquam
961 2369 993 2428 in
1019 2367 1128 2446 lingua
1154 2364 1279 2428 Graeca

164 2468 330 2550 reperitur;
353 2489 427 2530 nam
446 2469 523 2530 illud
541 2473 573 2530 in
591 2470 692 2532 tribus
711 2471 813 2532 atticis
833 2473 1076 2548 magistratuum
1101 2468 1277 2530 rationibus

164 2569 213 2651 (C.
237 2572 261 2652 J.
290 2570 342 2633 Gr.
366 2571 388 2646 Ι,
419 2575 479 2650 338
514 2573 572 2652 sq.)
604 2573 757 2652 scriptum
787 2573 1003 2656 τραπεζείτης
1035 2569 1111 2632 nihil
1151 2571 1277 2650 probat,

163 2693 236 2736 cum
272 2673 343 2735 illae
378 2675 517 2735 rationes
549 2674 778 2754 imperatorum
810 2674 1032 2736 Romanorum
1066 2673 1278 2735 attribuantur

163 2777 274 2848 aetati,
306 2795 369 2855 qua
400 2779 425 2845 ᾗ
452 2785 484 2838 et
505 2777 673 2856 {prorsus
701 2793 804 2856 aeque
826 2776 1029 2857 pronuntiata
1051 2795 1122 2837 esse
1144 2783 1278 2847 constat,

61 2861 64 2874 ⁵
163 2887 196 2940 et
215 2879 245 2938 in
267 2879 417 2958 proxima
447 2877 590 2938 eiusdem
612 2879 726 2940 aetatis
749 2887 782 2940 et
805 2878 864 2939 loci
893 2880 1017 2942 ratione
1039 2897 1152 2958 reapse
1175 2875 1278 2938 forma

162 2979 361 3064 τραπεζίτης
383 2987 517 3041 exarata
538 2981 587 3040 sit.
632 2979 740 3062 Quare
763 2979 829 3042 fieri
851 3001 916 3042 non
937 2987 1053 3061 potest,
1077 2980 1151 3059 quin
1175 2979 1277 3040 Hero-

164 3082 250 3144 diani
282 3083 440 3142 sententia
469 3081 596 3144 abiecta
626 3103 740 3145 vocem
776 3079 983 3168 τραπεζείτας
1013 3083 1144 3162 perinde
1180 3089 1278 3160 atque

163 3186 295 3246 atticam
317 3183 515 3267 τραπεζίτης
541 3191 573 3246 et
602 3185 725 3265 epicam
753 3181 933 3268 τραπεζεύς
955 3192 1042 3246 recta
1064 3185 1115 3244 via
1138 3201 1156 3244 a
1178 3181 1278 3244 subst.

163 3283 312 3369 τράπεζα
333 3286 506 3347 deductam
534 3305 605 3348 esse
631 3286 830 3350 arbitremur.
876 3285 981 3368 Quam
1012 3287 1141 3366 quidem
1164 3304 1279 3346 vocem

164 3383 371 3471 τραπεζήτας
401 3387 516 3466 [byeus
547 3387 605 3448 nisi
637 3408 690 3450 me
721 3387 799 3450 fallit
827 3389 935 3470 opinio
967 3389 1008 3450 ad
1040 3386 1278 3450 similitudinem

164 3489 257 3551 finxit
288 3490 451 3569 epicorum
484 3489 649 3550 nominum
684 3491 825 3571 agente,
865 3489 968 3572 qualia
1006 3498 1079 3552 sunt
1114 3485 1278 3574 αἰχμητής,

141 3586 400 3676 .ἀστεροπητίς,
423 3587 617 3677 κορυνήτης.
663 3593 698 3654 In
728 3592 939 3677 τραπεζητᾶν
966 3593 1062 3673 igitur
1089 3593 1185 3671 stirps
1213 3591 1277 3672 epi·

165 3713 250 3768 cam,
275 3693 462 3765 terminatio
494 3713 572 3754 vero
607 3693 872 3758 doricoaeolicam
900 3692 1033 3756 exhibet
1059 3691 1218 3768 vocalem,
1246 3693 1278 3754 id

165 3798 254 3877 quod
276 3796 360 3875 apud
379 3794 525 3856 choricos
547 3796 673 3876 saepius
689 3797 966 3877 deprehendimus,
988 3797 1034 3857 uti
1052 3796 1097 3858 lb.
1120 3809 1153 3875 15
1172 3791 1279 3883 κούρᾳ

165 3897 254 3961 Pind.
277 3896 310 3962 P.
332 3895 386 3970 IX,
410 3911 449 3976 27
471 3893 611 3980 μούναν,
634 3896 711 3963 Sim.
734 3897 775 3975 V,
802 3901 839 3961 16
860 3893 980 3964 κενεάν
1004 3905 1061 3962 etc.

250 3998 311 4073 ΙΙΙ,
344 3997 466 4061 Ultimo
495 3998 568 4060 loco
600 4001 640 4060 de
672 3999 873 4080 Bacchylidis
906 4001 940 4062 ir.
973 4017 1029 4078 243
1065 4002 1117 4075 28;
1154 4014 1206 4079 27;
1236 4016 1277 4076 42

166 4099 303 4162 dialecto
327 4101 528 4166 disseramus
572 4098 624 4162 Ac
646 4105 784 4182 primum
807 4102 934 4182 quidem
957 4103 1045 4170 inlr.
1069 4120 1111 4181 24
1133 4111 1165 4166 et
1188 4103 1227 4165 28
1246 4110 1283 4163 et*

165 4205 197 4264 in
226 4200 377 4282 stirpibus
406 4205 538 4288 (πῆχυν,
571 4197 662 4286 ἡδύς)
692 4211 725 4264 et
757 4205 788 4264 in
816 4204 1089 4268 terminationibus
1116 4203 1190 4290 (τὴν
1218 4197 1276 4270 ἐπ’
