3042 4804
584 245 797 309 „47..

130 407 224 467 nixus
256 401 432 466 Aeolidem
463 395 664 483 αεῤῥιόντος
695 399 931 481 postulaturam
962 421 1043 464 esse.
1101 399 1252 465 Ceterum

130 506 233 570 multo
264 505 386 566 maiore
417 503 484 564 iure
518 501 661 581 Hesychi
698 501 825 583 glossas
855 499 1042 584 περαίοιον,
1082 500 1254 585 περόσχια,

130 602 339 691 περομνύναι
362 602 492 666 Aeolidi
515 603 656 666 ascribas
679 622 777 683 quam
800 603 961 678 Hesiodo,
994 624 1091 684 quem
1118 604 1253 685 Delphis

131 731 186 774 eas
209 707 330 772 formas
353 707 518 788 accepisse
541 705 670 768 Ahrens
693 713 794 786 putat.
838 705 965 768 Deinde
993 706 1093 769 habes
1117 705 1254 769 elisionis

131 811 296 892 exempla:
319 812 405 890 apud
424 808 597 870 Pindarum
614 802 689 891 περ’
711 801 872 887 ἀτλάτου,
898 803 973 891 περ’
995 803 1254 892 αὐτᾶςαεράπ-

130 936 218 988 των,
247 910 405 994 πίροδος,
433 907 611 991 περιδαῖον
638 910 679 988 (ν.
706 899 802 972 Peter
823 911 885 986 68),
923 911 1074 994 περιίναι
1100 915 1156 987 (ex
1182 917 1254 972 test.

132 1014 238 1078 Cram.
262 1035 332 1077 ann.
354 1012 411 1086 IV,
442 1026 512 1090 309,
540 1027 576 1072 21
611 1007 886 1094 τετρασυλλοίβαις
916 1032 936 1072 a
957 1011 1095 1075 Pindaro
1124 1013 1257 1091 dictum)

132 1126 230 1197 atque
252 1117 315 1177 iam
339 1115 425 1194 apud
445 1111 627 1174 Hesiodum
648 1113 783 1196 περίαχε
801 1113 938 1195 (Theog.
962 1116 1045 1193 678),
1066 1115 1256 1197 περοίχεται
1357 1134 1361 1142 ·

130 1228 161 1298 (7
166 1236 183 1297 3
187 1221 230 1296 3);
247 1235 345 1298 porro
364 1213 415 1278 vel
432 1215 464 1276 in
474 1213 632 1294 Aeschyli
640 1215 816 1294 tragoediis
825 1211 1054 1296 περεβάίοντο
1064 1217 1141 1297 (Ag.
1154 1217 1256 1296 1106),

131 1315 365 1403 περεσκήνωοε
396 1317 498 1395 (Ε11111.
521 1317 595 1395 625)
627 1324 659 1380 et
691 1318 778 1396 apud
808 1317 951 1380 comicos
979 1319 1106 1399 saepius
1128 1314 1257 1401 περιαίν

132 1441 192 1502 pro
215 1417 375 1504 aspatco'v:
398 1417 543 1482 Pherecr.
566 1420 599 1480 in
617 1417 717 1480 Bekk.
736 1438 808 1484 ann.
826 1432 896 1498 373,
915 1434 952 1499 25
969 1416 1162 1502 ’περιόντας
1180 1420 1259 1482 Plat.

131 1544 181 1604 ap.
201 1521 279 1586 Poll.
294 1523 323 1596 6,
340 1539 383 1600 49
400 1515 536 1604 περιών,
552 1518 687 1601 Antiph.
706 1540 756 1600 ap.
775 1520 896 1587 Athen.
912 1521 952 1596 ΙΙ,
970 1523 1012 1584 66
1030 1521 1061 1583 D
1081 1519 1256 1605 περιόντα,

131 1626 248 1704 Phryn.
271 1644 321 1704 ap.
340 1622 460 1685 Athen.
478 1621 534 1694 IV,
564 1635 620 1701 105
642 1619 668 1684 C
690 1619 883 1704 περιόντες·
907 1625 1045 1704 denique
1068 1625 1099 1686 in
1122 1626 1256 1688 metrica

132 1727 339 1808 inscriptione
356 1725 521 1805 Megarica
535 1725 786 1809 ψηφιοοαμένης
803 1719 873 1808 περ’
895 1723 985 1808 ἐμεῖο
998 1723 1044 1805 (C.
1060 1726 1084 1792 Ι.
1095 1722 1133 1790 G.
1157 1727 1257 1806 1064).

220 1825 342 1890 Contra
361 1829 391 1890 in
410 1826 508 1888 titulis
528 1825 672 1889 Aeolicis
692 1827 797 1890 adhuc
814 1827 939 1890 effossis
963 1836 995 1890 et
1011 1829 1101 1892 elisio
1124 1837 1158 1890 et
1179 1849 1257 1908 apo-

134 1950 215 2011 cope
238 1949 347 2010 praep.
369 1929 446 2012 περί
469 1929 570 1991 deest.
616 1927 713 2009 Quod
736 1948 801 1990 non
824 1930 868 1992 ita
891 1937 942 1991 est
964 1931 1158 2004 mirandum,
1182 1932 1256 2009 quia

134 2051 247 2094 omnes
270 2051 374 2112 paene
396 2029 549 2092 trecentis
572 2030 661 2092 annis
683 2029 849 2092 inferiores
872 2049 969 2109 quam
987 2029 1102 2094 Alcaei
1125 2039 1157 2092 et
1176 2029 1257 2111 Sap·

133 2135 249 2216 phonis
279 2136 421 2196 carmina
451 2142 531 2194 sunt.
582 2132 618 2192 Ι11
655 2132 790 2194 aliorum
822 2152 900 2194 vero
932 2133 1126 2214 populorum
1158 2131 1256 2193 titulis

134 2237 273 2300 elisionis
296 2245 329 2298 et
358 2255 523 2316 apocopes
554 2235 753 2315 reperiuntur
775 2234 926 2316 exempla
949 2233 1043 2297 haec:
1067 2237 1099 2296 in
1116 2233 1257 2315 Amphi·

135 2349 291 2418 ctyonum
312 2339 442 2400 decreto
459 2334 505 2413 (C.
524 2337 547 2400 Ι.
567 2335 604 2400 G.
628 2337 719 2414 1688)
734 2336 892 2418 πέροδος;
917 2357 980 2416 qua
1002 2356 1064 2400 una
1082 2357 1164 2398 voce
1186 2356 1258 2416 per·

134 2441 249 2502 ductus
272 2438 400 2502 Ahrens
427 2438 600 2500 Pindarum
629 2446 662 2500 et
684 2437 865 2500 Hesiodum
896 2457 939 2498 ex
971 2438 1119 2518 delphica
1150 2439 1257 2518 lingua

133 2540 221 2602 illam
245 2539 410 2602 elisionem
433 2539 600 2620 repetiisse
618 2540 792 2613 contendit,
814 2541 873 2602 sed
896 2541 1089 2602 sententiam
1105 2539 1171 2600 eius
1193 2541 1256 2602 iam

134 2643 228 2704 Peter
244 2662 274 2722 p.
288 2643 310 2702 6
327 2661 374 2721 sq.
393 2641 488 2703 certis
507 2641 705 2720 argumentis
721 2639 870 2703 refutavit
888 2639 1091 2721 refutantque
1107 2639 1258 2721 exempla

135 2741 299 2805 titulorum
318 2741 419 2804 Eliaci
438 2739 484 2820 (C.
500 2743 524 2806 Ι.
543 2741 581 2804 G.
606 2743 654 2821 11)
672 2765 740 2825 παρ
757 2742 893 2826 πολεμον
917 2751 950 2805 et
969 2743 1138 2805 Locrensis
1157 2763 1258 2823 nuper

135 2844 294 2926 Naupacti
313 2843 421 2906 effossi
440 2841 558 2920 (Cauer
580 2845 639 2908 del.
662 2866 690 2908 n.
713 2845 765 2924 91)
788 2866 817 2906 ν.
841 2860 881 2906 22
904 2846 1145 2928 Περιιοθαρίαι,
1168 2867 1197 2906 u.
1218 2860 1256 2924 27

135 2948 385 3030 Περκοθαριᾶν,
413 2945 507 3025 quod'
525 2954 575 3008 est
597 2965 716 3008 nomen
738 2946 937 3020 colonorum,
968 2955 1001 3008 et
1029 2946 1158 3009 tabulae
1187 2947 1258 3010 Ida·

135 3049 244 3111 liensis
276 3048 427 3129 cypricae
455 3067 484 3113 V.
517 3051 611 3129 27128
638 3043 715 3131 περ’
745 3043 900 3114 Ἠδάίιον
928 3047 1045 3127 (Cauer
1080 3049 1141 3110 del.
1179 3052 1257 3127 118).

135 3151 306 3212 Postremo
329 3149 447 3212 referas
469 3148 533 3212 huc
555 3151 685 3214 nomina
707 3152 838 3231 propria
856 3150 947 3212 haec:
971 3150 1151 3232 Πέρκαλος,
1174 3153 1257 3234 Περ-

135 3252 284 3336 κλείὺης,
311 3253 476 3335 Περφίία,
498 3251 686 3336 Περφερέες
708 3254 750 3332 (i),
769 3251 806 3314 cs.
832 3251 918 3325 Fick,
943 3252 1060 3332 griech.
1083 3252 1257 3315 Personen·

135 3374 253 3417 namen
275 3375 306 3435 p.
328 3355 378 3433 69.

222 3455 379 3519 Doricam
410 3457 505 3536 igitur
536 3465 569 3518 et
600 3456 755 3518 aeolicam
788 3464 820 3518 et
848 3458 979 3518 atticam
1008 3456 1180 3518 dialectum
1204 3455 1257 3518 eli-

136 3560 260 3621 sionem
293 3567 325 3618 et
356 3567 531 3638 apocopen
556 3578 665 3639 praep.
697 3558 774 3640 περί
807 3577 1036 3638 nonnunquam
1073 3555 1259 3621 exhibuisse
1318 3609 1320 3615 ,

137 3696 203 3745 lecto
228 3700 321 3743 certum
346 3695 491 3762 epenthesis
514 3696 657 3758 exemplum
682 3697 857 3760 investigatum
877 3700 924 3750 est;
952 3711 1011 3743 nam
1038 3694 1147 3743 nominis
1173 3709 1258 3758 propr.

137 3761 297 3833 Πειρίθους
315 3762 471 3826 etymologia
489 3768 525 3811 est
534 3763 620 3812 dubia.
649 3763 797 3812 Certissima
807 3779 867 3813 vero
878 3764 903 3811 in
914 3763 1000 3825 lingua
1010 3763 1093 3812 ionica
1103 3763 1176 3812 offert
1186 3777 1258 3826 prae-

137 3832 231 3895 positio
242 3823 314 3898 ὑπέρ
333 3832 358 3878 in
377 3847 416 3880 vv.
437 3823 593 3898 ὑπείροχος
617 3837 641 3879 et
660 3824 821 3899 ὑποτρέχειν
843 3847 903 3895 quas
925 3846 981 3880 cum
1004 3830 1055 3879 illis
1073 3830 1175 3880 aeolicis
1192 3824 1260 3909 adp·

139 3894 225 3966 ροχος
244 3903 269 3947 et
286 3891 440 3982 περρέχειν
458 3899 650 3962 cognatissimas
671 3915 725 3948 esse
744 3915 819 3948 nemo
838 3903 875 3948 est
893 3899 953 3962 quin
971 3898 1065 3948 videat.
1093 3899 1127 3950 Ut
1145 3899 1213 3947 enim
1232 3911 1259 3946 m

138 3967 226 4031 lingua
243 3967 326 4016 ionica
344 3964 429 4031 υπείρ
452 3981 503 4016 non
527 3968 669 4030 ponebatur
694 3967 742 4016 nisi
765 3973 822 4016 ante
845 3971 990 4031 sequentem
1017 3966 1145 4032 vocalem,
1172 3967 1207 4014 ita
1233 3967 1260 4014 in

138 4034 219 4083 lesbia
246 4049 346 4098 quoque
369 4039 427 4083 ante
451 4034 553 4083 vocales
576 4039 763 4102 tantumnapp
786 4035 922 4099 aliquoties
945 4034 1129 4084 admittebatur.
1164 4034 1259 4082 Verum

139 4108 223 4151 tamen
246 4117 278 4151 ne
305 4103 330 4150 in
356 4103 395 4152 his
418 4102 479 4166 ipsis
493 4103 605 4168 ¹quidem
629 4103 733 4152 vocibus
756 4103 954 4166 geminationem
974 4107 999 4150 ut
1018 4117 1117 4166 semper
1135 4102 1260 4151 asciscant

139 4170 255 4220 choricos
265 4176 365 4219 coactos
381 4185 435 4219 esse
445 4170 565 4234 probatur
573 4167 677 4220 Pindari
687 4171 817 4234 exemplo:
835 4163 977 4240 ὑπέροχος
986 4170 1019 4220 Ν.
1029 4170 1074 4232 ΙΙΙ,
1084 4181 1116 4234 23
1122 4186 1129 4227 ;
1140 4173 1165 4221 P.
1175 4169 1209 4234 11,
1218 4168 1260 4234 38.
