3042 4804
665 241 876 304 „19-

212 384 303 468 ὅσσα
330 408 367 453 10
389 388 532 457 τοσσάδε
555 391 687 472 (Berglq
711 393 770 481 sed
788 395 968 456 correctura
986 403 1037 456 est
1056 394 1169 473 dubia).
1192 395 1332 458 Alcman

211 504 244 558 et
266 491 387 568 τόσσος
409 485 508 570 ὅσσος
535 503 568 558 et
585 493 687 570 τόσος
710 486 789 570 ὅσος
820 493 943 576 (Spiess
966 492 1053 557 Curt
1073 494 1166 559 Stud.
1192 497 1232 572 X,
1260 499 1332 577 363)

211 607 353 678 usurpat.
375 595 462 658 Exx.
485 597 597 659 Pindd.
621 618 649 658 v.
674 596 768 658 Peter
789 617 820 677 p.
846 613 893 675 19.

300 699 341 776 d.‚
363 700 394 758 in
416 699 477 760 adi.
498 699 629 782 μέσσοςε
661 697 750 760 Pind
776 707 903 778 praeter
928 698 1047 782 μέσσος
1074 698 1209 762 exhibet
1234 701 1333 784 μέσος

211 801 318 878 (Peter
344 801 405 880 19);
428 800 541 862 Bacch.
565 819 613 880 29,
636 800 718 863 Prat.
743 814 757 880 5
782 788 889 884 μέσος.
933 800 1009 862 Adi.
1031 799 1103 874 ἰ’σος
1124 821 1216 877 ver0,
1244 805 1332 882 quod

212 904 299 984 apud
322 902 460 964 Lesbios
493 912 544 965 est
572 902 681 980 ἰ’σσος,
717 904 803 982 apud
835 901 982 964 choricos
1010 902 1068 982 (lb.
1094 904 1140 977 16,
1174 901 1251 968 Sim.
1285 921 1325 984 39

212 1002 326 1068 Bacch.
349 1021 395 1079 11,
414 1004 543 1085 Ariphr.
562 1004 650 1066 Pind.
675 1003 807 1085 [saepe])
829 1013 959 1084 semper
981 1003 1114 1085 simplici
1137 1005 1275 1084 sigmate
1290 1004 1332 1066 le·

212 1109 309 1186 gitur;
339 1127 403 1187 qua
429 1109 461 1167 in
488 1127 522 1168 re
549 1106 752 1168 consentiunt
776 1126 850 1167 cum
880 1107 973 1187 epica
999 1107 1105 1186 lingua
1129 1115 1161 1168 et
1182 1106 1333 1168 Doriensi

213 1207 448 1289 (Ah-1199)-
565 1211 567 1215 ‘

297 1310 346 1371 Ill.
391 1309 728 1390 Praepositionem
750 1305 863 1384 stadii,
886 1329 969 1390 quae
987 1319 1021 1372 et
1036 1309 1175 1371 Doricae
1194 1319 1226 1370 et
1243 1308 1333 1371 Aeo-

211 1411 291 1473 licae
313 1421 362 1472 est
385 1411 521 1484 dialecti,
542 1413 650 1491 posuit
667 1412 714 1472 lb.
734 1427 789 1472 22:
810 1405 886 1474 πεδ’
912 1405 1077 1496 ἀναριτᾶα
1096 1414 1149 1490 (ex
1167 1411 1333 1492 splendida

210 1513 355 1575 Boeckhi
369 1513 603 1591 emendatione,
626 1513 721 1575 codd.
737 1513 844 1577 παῖδα
866 1509 1005 1596 νήριτοα
1023 1513 1061 1577 cf.
1076 1512 1148 1576 Alc.
1166 1516 1217 1590 48,
1236 1513 1331 1574 codd.

211 1609 306 1678 παῖδ’
334 1609 482 1696 Ἀχίλλεα
507 1635 568 1695 pro
602 1609 680 1678 πεδ’
707 1608 875 1696 Ἀχίλλεα).
929 1614 1084 1676 Pindarus
1115 1612 1216 1676 habet
1245 1609 1332 1678 πεδά

212 1726 244 1778 et
262 1712 345 1798 μετά
361 1718 465 1796 (Peter
473 1717 535 1796 69),
554 1715 738 1778 Simonides
755 1712 839 1799 μετά
858 1719 890 1778 in
905 1737 956 1778 vv.
974 1717 1177 1801 μεταβουλία
1193 1721 1255 1796 (37,
1277 1721 1333 1796 17),

211 1813 411 1901 μετάστασις
434 1820 506 1897 (32),
533 1819 701 1898 Ariphron
722 1814 806 1900 μετά
829 1818 910 1896 (bis),
937 1819 1077 1880 Alcman
1100 1814 1187 1882 πεόά
1211 1817 1332 1900 (Spiess

212 1919 303 1983 Stud.
328 1920 366 1993 X,
391 1921 472 1999 371).
775 1935 777 1939 ’

684 2204 806 2288 Caput
828 2207 865 2270 H.

392 2332 447 2390 De
471 2330 606 2388 formis
629 2343 677 2388 ex
699 2331 843 2389 aeolica
865 2330 995 2402 lingua
1017 2331 1154 2388 ascitis.

298 2447 332 2507 ln
363 2446 552 2507 adhibendis
580 2445 692 2506 formis
719 2444 847 2506 aeolicis
873 2443 1027 2505 Pindarus
1062 2444 1180 2523 aliique
1206 2455 1335 2525 praeter

212 2548 382 2609 Pindarum
424 2548 543 2609 chorici
579 2547 767 2628 plerumque
806 2545 972 2608 Alcmanis
1012 2543 1135 2626 (Spiess
1170 2545 1261 2608 Stud.
1293 2546 1332 2622 X,

217 2664 281 2729 374
302 2652 362 2729 sq.)
385 2649 572 2730 exemplum
598 2657 672 2710 sunt
694 2648 794 2710 secuti
817 2668 878 2710 nec
900 2657 1022 2721 tamen,
1055 2657 1091 2709 ut
1113 2647 1177 2726 ille,
1210 2647 1250 2712 σδ
1272 2668 1333 2728 pro

213 2757 231 2832 ζ
257 2754 398 2832 recipere
430 2751 604 2825 audebant;
643 2751 760 2812 etenim
796 2750 874 2812 illud
913 2750 1004 2812 unice
1041 2751 1128 2831 apud
1158 2751 1332 2812 Pindarum

213 2852 259 2930 (P.
283 2853 319 2928 ΙΙ,
341 2859 395 2932 95)
417 2853 568 2914 traditum
591 2852 809 2936 λακτισδέμεν
830 2851 964 2914 Boeckh
986 2873 1045 2913 suo
1068 2853 1134 2914 iure
1156 2853 1271 2914 reiecit.

739 3005 808 3086 84.

471 3143 512 3190 De
530 3126 646 3192 nasah}
662 3127 756 3192 anteo
773 3141 856 3190 vocali
868 3123 1073 3204 [compensata.

301 3243 438 3305 Lesbios
454 3243 596 3304 nasalem
608 3246 632 3312 ᾗ
643 3245 839 3311 consonae}
850 3243 1094 3303 antecedentem
1112 3241 1144 3302 in
1161 3241 1335 3313 vocalem]

194 3401 199 3414 ,
216 3357 358 3408 mutasse
382 3326 505 3406 etcum
521 3343 684 3424 praeeunti
702 3342 805 3404 vocali
824 3345 855 3404 in
874 3341 1112 3423 diphthongum
1131 3345 1335 3407 coniunxisse

215 3451 293 3510 satis
316 3449 366 3508 est
388 3456 510 3510 notum.
556 3444 655 3526 Quod
679 3444 856 3506 Lesbiacae
879 3445 1004 3506 dialecti
1030 3446 1194 3526 proprium
1217 3443 1335 3507 chorici
1368 3461 1371 3466 ⁴

216 3549 377 3612 Alcmane
400 3549 481 3610 duce
503 3549 709 3628 arripuerunt,
732 3549 790 3608 sed
812 3547 887 3608 inde
905 3545 946 3608 ab
965 3546 1067 3625 Ibyco
1090 3546 1181 3608 latius
1205 3566 1244 3608 eo
1267 3567 1334 3609 sae-

215 3653 351 3732 piusque
381 3653 429 3712 usi
460 3659 534 3711 sunt
565 3668 662 3729 quam
684 3646 838 3723 Alcman,
870 3650 955 3728 apud
988 3668 1084 3728 quem
1116 3649 1147 3708 in
1177 3645 1336 3724 femininis

215 3755 442 3814 tantummodo
469 3751 710 3834 participiorum
736 3752 919 3812 terminatio
937 3768 1055 3814 -οισα
1078 3749 1336 3830 deprehenditur.

216 3854 253 3916 cs.
278 3854 389 3935 Spiess
412 3853 503 3918 Stud.
528 3853 567 3928 X,
592 3865 661 3932 350.
1179 3839 1189 3848 ”

301 3957 331 4031 1.,
354 3955 408 4018 Ac
429 3957 569 4036 primum
591 3955 723 4033 quidem
750 3955 782 4014 in
810 3953 966 4014 femininis
989 3961 1068 4034 part.
1091 3973 1193 4033 praes.
1217 3961 1250 4015 et
1271 3972 1336 4014 aor.

215 4058 253 4120 ll.
277 4067 336 4119 act.
355 4075 474 4122 -οισα
495 4061 551 4134 (ex
573 4057 683 4137 ovrja)
701 4075 761 4135 pro
786 4071 911 4119 -ουσα
929 4055 1130 4135 scripserunt.
1163 4055 1335 4116 Pindarum

218 4179 290 4220 eam
313 4166 452 4222 formam
474 4177 603 4238 semper
624 4157 772 4238 posuisse
793 4157 889 4218 Peter
903 4177 934 4238 p.
953 4171 990 4238 57
1014 4165 1257 4237 argumentatus
1279 4165 1335 4219 est.

1133 4257 1168 4308 2*
