3042 4804
607 291 734 354 ...49
778 310 820 320 -

240 445 298 509 IV.
353 443 507 506 Pindarus
549 452 675 524 praeter
714 443 882 526 vulgarem
917 465 1026 526 praep.
1060 440 1148 529 πρός
1183 447 1273 527 epica

155 566 285 626 quoque
309 554 340 607 et
364 545 473 606 dorica
494 545 574 610 aori
597 547 707 620 utitur3
738 565 841 626 aeque
864 544 997 608 exhibet
1018 547 1138 626 Ibycus
1169 545 1221 611 frr.
1245 563 1272 621 2,

156 649 196 710 26
218 648 307 722 aori,
330 647 388 710 sed
412 645 462 708 Irr.
482 662 523 724 24
539 642 633 730 πρός.
670 645 791 710 Contra
814 667 878 710 non
902 648 1017 728 legitur
1039 649 1097 710 nisi
1120 649 1200 712 ποτί
1223 669 1272 730 ap.

155 748 238 812 Stes.
263 748 313 810 frr.
337 751 355 813 8
379 749 464 828 (bis);
496 763 535 829 27
564 749 654 830 (bis);
685 765 740 829 923
771 749 911 811 Timocr.
933 749 965 824 6;
994 749 1185 831 Lamproci„
1215 752 1274 812 nisi

154 847 240 935 πρός
262 872 311 932 ap.
334 849 448 913 Bacch.
473 850 523 912 srr.
547 867 582 928 23
607 853 635 914 8.

241 954 280 1015 V.
324 952 427 1033 Apud
452 953 624 1015 Pindarum
655 953 758 1015 multo
786 952 856 1034 plus
884 962 1011 1016 centum
1043 954 1202 1036 exemplis
1225 977 1271 1018 re·

154 1057 277 1120 centior
292 1077 401 1138 praep.
420 1056 524 1119 sorma
539 1051 601 1120 σύν
619 1053 744 1136 legitur,
762 1051 823 1134 ξύν
838 1064 948 1118 autem
965 1064 1014 1120 ter
1032 1059 1272 1120 tantummodo:

155 1159 193 1224 N.
212 1158 270 1234 IV,
294 1173 332 1238 25
357 1148 472 1242 §13qu
491 1158 532 1222 ib.
553 1175 588 1238 31
615 1159 739 1236 ξυνιείς
757 1167 790 1220 et
808 1158 844 1220 ir.
858 1176 909 1238 99,
932 1175 967 1220 12
990 1153 1273 1243 §vvdopoeatque

155 1262 255 1324 critici
278 1261 437 1342 prioribus
460 1261 587 1322 duobus
609 1260 687 1322 Iocis
709 1257 770 1338 ξύν
793 1262 1001 1324 emendantes
1024 1258 1189 1346 ξυνάορος
1209 1282 1273 1324 non

157 1365 350 1444 tetigerunt3
373 1384 454 1443 quae
472 1364 513 1426 sit
531 1383 634 1437 causa,
657 1383 721 1424 non
739 1361 897 1444 intellego,
920 1383 993 1428 cum
1016 1365 1078 1426 iam
1101 1365 1132 1426 in
1154 1363 1216 1428 Od.
1238 1371 1273 1440 θ,

154 1483 196 1545 99
219 1464 324 1526 forma
346 1463 511 1551 ουνήορος
533 1473 648 1530 exstet.
692 1465 793 1545 Apud
817 1473 942 1528 ceteros
970 1464 1116 1528 choricos
1140 1487 1204 1529 non
1226 1489 1279 1530 re-

155 1567 276 1648 peritur
298 1567 356 1628 nisi
384 1569 543 1631 recentior
566 1565 669 1630 forma
692 1563 765 1630 odv:
792 1567 837 1628 Ib.
862 1583 889 1628 2.
916 1565 993 1630 Sim.
1020 1580 1047 1646 5,
1074 1584 1120 1630 11.
1151 1585 1197 1646 14.
1225 1584 1273 1649 37,

161 1686 207 1749 19.
226 1671 278 1746 48.
297 1669 412 1730 Bacch.
432 1685 456 1730 1.
475 1686 525 1749 29.
543 1667 675 1749 Ariphr.
697 1683 759 1743 1,2.
778 1666 898 1732 Contra
916 1665 978 1748 ξύν
993 1671 1119 1732 retinuit
1129 1670 1279 1760 Bacchy--

153 1770 235 1833 Iides
258 1773 289 1832 in
311 1771 475 1849 ξυνέαοιν,
499 1771 540 1832 de
563 1790 628 1850 quo
650 1791 747 1851 supra
770 1774 989 1852 exposuimus.

242 1871 300 1936 VI.
344 1872 539 1935 Metathesin
561 1871 683 1934 litterae
714 1895 734 1954 ρ
756 1873 911 1935 Pindarus
939 1876 1065 1955 saepius
1088 1873 1221 1936 exhibet
1243 1873 1274 1934 in

155 1996 205 2038 vv.
226 1975 355 2056 κραδία,
364 1970 544 2066 ,κρατερόο
562 1969 754 2058 καρτύνειν,
768 1976 995 2058 -καρτοίπο-ος;
1018 1995 1047 2036 ν.
1063 1975 1159 2037 Peter
1176 1995 1206 2056 p.
1225 1990 1273 2036 20.

155 2075 339 2140 Simonides
361 2077 395 2138 fr.
421 2094 462 2156 39
485 2076 584 2140 habet
606 2073 739 2160 κάρτος.

241 2177 315 2243 VII.
365 2179 511 2242 Verbum
543 2185 628 2260 poet.
662 2177 837 2262 κίδναμαι,
867 2180 954 2259 quod
985 2181 1050 2242 iam
1081 2178 1113 2240 in
1141 2179 1274 2242 Homeri

155 2280 346 2342 carminibus
374 2283 405 2342 in
432 2279 535 2344 fronte
562 2297 581 2344 ο
603 2280 731 2356 abiecit,
762 2300 988 2361 nonnunquam
1010 2281 1172 2364 Pindarus¹
1186 2301 1273 2343 usur-

154 2383 244 2462 pavit
274 2391 370 2463 atque
400 2385 431 2444 in
463 2381 540 2447 Sim.
570 2399 607 2459 41
643 2381 846 2466 κιδναμέναν
883 2385 976 2444 metri
1012 2403 1108 2446 causa
1137 2383 1276 2446 restituit

155 2482 387 2548 Schneidewin.

240 2586 330 2651 VIII.
366 2585 570 2650 Stesichorus
593 2584 628 2646 fr.
648 2587 688 2662 84
707 2579 806 2660 Ἰλεύς
823 2605 883 2665 pro
902 2585 1026 2666 vulgari
1046 2581 1170 2662 'otta'g
1187 2587 1274 2662 dixit,

154 2689 242 2750 cuius
266 2687 389 2750 formae
413 2698 578 2750 auctorem
601 2686 700 2750 habet
718 2685 897 2748 Hesiodum
916 2687 963 2761 (ir.
987 2701 1037 2768 77,
1064 2687 1104 2767 1);
1128 2687 1165 2750 cf.
1187 2688 1274 2752 Pind.

155 2789 194 2854 Ο.
213 2790 267 2866 ΙΧ,
290 2806 349 2852 120
363 2784 501 2865 Ἰλιάδας
519 2795 713 2870 (patronym.
729 2789 770 2852 ab
786 2783 905 2867 Ἰλεύς).
942 2789 1123 2870 Utramque
1138 2787 1274 2853 formam

155 2915 198 2956 ex
231 2888 338 2978 Made
360 2901 470 2955 natam
493 2912 564 2956 esse
587 2892 696 2954 docuit
719 2889 846 2954 Curtius
869 2892 934 2954 Et⁴
960 2894 1028 2972 561.

239 2996 295 3062 IX.
330 2995 381 3058 De
408 2995 519 3076 spiritu
547 3013 663 3074 aspero
690 3013 806 3056 vocum
830 2989 917 3076 (ἕρδον
939 2993 1028 3072 (Sim.
1049 3007 1075 3073 5,
1096 2998 1156 3074 2ο),
1180 2991 1276 3078 (ἔρνος

153 3100 212 3168 tib.
240 3117 264 3174 1,
289 3102 326 3178 5),
349 3089 421 3181 ὥρα
438 3097 589 3176 (Timocr.
613 3099 714 3172 1,12).

240 3203 277 3266 In
300 3223 328 3263 v.
354 3197 442 3284 ἐ’ρδοο
470 3199 671 3280 grammatici
693 3199 774 3260 inter
796 3219 831 3260 se
854 3205 990 3274 certant,
1023 3206 1130 3260 utrum
1158 3219 1274 3281 aspero

155 3325 195 3366 an
224 3304 285 3366 leni
312 3303 423 3384 spiritu
453 3306 493 3364 sit
522 3303 672 3366 ornanda.
717 3298 783 3362 Sed
811 3300 940 3380 spiritus
966 3320 1062 3381 asper
1083 3321 1149 3362 non
1171 3304 1274 3364 minus

155 3427 253 3488 quam
276 3407 307 3466 in
325 3404 560 3466 Timocreontis
579 3394 651 3487 ὥρα
672 3401 828 3484 probatur
847 3404 1013 3482 digammo
1032 3405 1157 3484 utrique
1178 3423 1274 3483 pecu-

153 3511 222 3572 liari
231 3516 329 3588 atque
347 3505 554 3568 confirmatur
564 3505 643 3568 locis
662 3506 776 3586 quibus
794 3506 958 3586 praecedit
975 3505 1006 3566 in
1024 3506 1118 3569 codd.
1136 3506 1274 3585 aspirata

153 3614 269 3687 littera,
284 3607 390 3672 utOd.
407 3631 437 3693 η,
455 3625 516 3671 202
536 3597 608 3674 εὖθ’
627 3604 788 3691 ἕρδοομεν,
807 3627 905 3687 quam
923 3607 1110 3688 scripturam
1128 3607 1274 3686 agnoscit

152 3715 353 3788 Eustathius;
375 3713 453 3777 Hes.
469 3731 521 3792 op.
542 3711 604 3790 360
625 3705 722 3774 τοῦθ’
748 3705 870 3792 ἕρδοις
890 3707 989 3789 Soph.
1012 3706 1089 3772 Phil.
1110 3708 1174 3786 684
1196 3700 1270 3773 οὔθ’

154 3812 249 3900 ἕρξας
271 3815 312 3896 (ll.
335 3813 494 3892 nonnulli).
523 3810 635 3893 Atque
657 3813 689 3874 In
711 3812 812 3874 subst.
831 3807 927 3894 (ἔρνος
949 3829 1098 3891 asperum
1117 3818 1275 3872 testantur

154 3919 236 3984 Lex.
258 3918 334 4002 περὶ
356 3912 562 4000 πνευμάτων
579 3913 705 3993 (Valck.
725 3911 881 3976 Ammon.
903 3915 971 3993 197)
993 3909 1034 3978 τὸ
1058 3908 1154 3996 ἓρνος
1176 3911 1273 3978 duov-

154 4017 302 4105 νόμενον
325 4008 426 4102 εὗρον
450 4027 482 4080 et
505 4017 673 4098 Moschop.
692 4036 744 4097 op.
764 4017 804 4096 36
827 4011 922 4108 ἔρνος
943 4015 999 4080 καὶ
1022 4011 1109 4098 ἕρδον
1132 4011 1272 4080 δασυνό-

153 4145 258 4207 μενον
280 4123 470 4203 saepiusque
491 4119 656 4200 Euripidei
679 4119 806 4180 codices
826 4116 970 4181 offerunt.
1007 4115 1047 4178 V.
1063 4115 1209 4196 Elmsley
1231 4117 1274 4178 ad

154 4224 241 4288 Med.
265 4225 356 4286 1182.

612 4303 813 4311 ...ι-..-

1070 4335 1087 4381 4
