3042 4804
651 265 863 326 -65-

196 435 315 518 in—pr
330 435 479 496 cadentia
494 453 566 496 earn
584 433 793 514 frequentant
827 432 973 515 Quomm
993 455 1036 497 ex
1051 434 1201 516 analogia
1215 434 1318 514 Ibyco

195 535 286 599 facile
308 545 378 598 erat
400 536 591 616 permissum
614 538 655 598 ad
678 535 835 598 aeolicum
853 536 989 598 verbum
1009 533 1108 621 νόῃμι
1125 537 1252 600 tertiam
1270 557 1319 618 sg.

196 639 261 702 ind.
288 633 399 721 utiquc:
412 635 565 713 formare,
594 640 639 700 uti
664 639 706 700 ad
737 632 870 722 ὀνίνῃμι
898 633 1039 723 ὀνίνησι,
1070 636 1146 724 ῗῃμι
1167 636 1234 724 ἵησι
1256 648 1318 703 etc.

196 739 308 820 Atque
330 740 371 802 ab
394 739 457 801 hoc
479 739 613 802 Homeri
636 760 694 802 usu
716 760 752 802 re
774 759 850 802 vera
872 759 936 802 non
964 741 1144 804 declinasse
1171 741 1320 804 choricos

196 840 349 923 exemplo
377 850 427 904 est
448 841 617 915 Pindarus,
644 844 698 922 qui
721 841 841 904 formas
865 843 995 927 τίίίῃσι,
1016 843 1147 924 δίδωσι,
1170 843 1320 908 δείκνυσι

196 952 325 1024 praeter
345 945 478 1006 usitatas
492 943 637 1018 aeolicas,
656 953 691 1006 ut
709 943 809 1022 δίδοι,
828 953 861 1006 et
880 945 1013 1019 doricas,
1032 953 1066 1007 ut
1081 945 1191 1030 ἐφίῃτι
1211 945 1319 1023 (Peter

196 1048 249 1121 62;
272 1047 334 1123 64),
358 1045 499 1108 exhibet.
545 1045 698 1108 Ceterum
721 1047 834 1130 φίλῃσι
856 1055 889 1108 et
912 1042 1007 1132 νόῃσι
1030 1050 1073 1109 ad
1096 1048 1318 1110 coniunctivos

195 1148 299 1228 redigi
323 1168 527 1228 nequaquam
550 1157 686 1229 possunt
708 1183 750 1194 —
772 1149 805 1210 id
832 1151 920 1228 quod
949 1151 1176 1229 grammaticus
1199 1149 1251 1213 Et.
1275 1149 1319 1212 M.

195 1269 365 1331 perperam
388 1250 518 1311 molitus
541 1257 590 1312 est
612 1249 768 1331 scriptura
791 1254 898 1332 νοῇσι,
928 1255 1040 1332 φιλῃσι
1063 1260 1319 1332 praeceptoque:

195 1347 358 1435 γράφεται
377 1348 432 1415 διὰ
459 1355 522 1415 τοῦ
548 1358 568 1436 ῆ
596 1349 680 1434 μετὰ
702 1355 766 1416 τοῦ
784 1357 801 1414 i
820 1387 857 1398 —-
882 1353 957 1432 quia
985 1353 1014 1414 si
1034 1353 1225 1414 coniunctivi
1247 1373 1319 1414 esse

194 1454 376 1528 debebant,
419 1453 520 1533 Ibyco
556 1453 716 1516 scribendi
753 1463 844 1516 erant
882 1456 1102 1516 contractione
1139 1455 1320 1517 intermissa

195 1556 317 1638 νοὲῃσι,
349 1555 489 1638 φιλέῃσι,
515 1555 673 1636 siquidem
701 1555 820 1618 chorici
846 1556 877 1618 in
905 1563 1075 1620 contractis
1098 1566 1131 1620 et
1156 1557 1320 1620 dissolutis

197 1657 371 1720 verborum
394 1677 548 1738 purorum
572 1657 738 1720 vocalibus
760 1679 833 1720 cum
857 1659 955 1739 epicis
976 1679 1108 1739 prorsus
1131 1668 1319 1740 congruunt

196 1759 331 1840 Epicam
354 1767 463 1822 autem
485 1759 630 1840 linguam
648 1761 679 1822 in
702 1760 819 1822 horum
840 1761 1014 1823 verborum
1033 1762 1241 1824 coniunctivis
1263 1782 1320 1823 vo-

198 1860 282 1924 cales
314 1881 443 1943 semper
469 1862 629 1924 seiunctas
657 1865 805 1943 posuisse
830 1863 908 1924 satis
936 1871 986 1924 est
1012 1873 1135 1938 notum;
1166 1862 1202 1925 cl
1226 1886 1254 1937 o,
1278 1878 1320 1943 70

196 1962 349 2044 φιλέῃσιν
356 1987 368 2040 ,·
391 1986 416 2041 e,
436 1966 509 2042 3283
533 1986 553 2038 ι,
580 1979 618 2025 10
640 1951 809 2048 φορέῃσιν,
832 1964 909 2026 alias
931 1964 999 2029 alia.

282 2065 339 2128 Ab
361 2063 420 2128 illis
443 2075 550 2128 autem
573 2067 750 2128 indicativis
774 2067 900 2146 Ibyceis
923 2063 1019 2152 νόησι
1038 2068 1207 2152 είφίίῃσι
1218 2068 1323 2130 Hera·

198 2167 297 2230 clides
318 2167 409 2230 iacile
427 2168 459 2228 in
478 2188 551 2229 eum
570 2187 713 2230 errorem
731 2169 837 2230 induci
852 2171 965 2249 potuit,
978 2179 1013 2231 ut
1031 2170 1126 2232 etiarn
1146 2171 1320 2232 verborum

197 2268 431 2348 barytonorum
454 2270 673 2331 coniunctivos
699 2267 803 2352 ἔχῃσι,
826 2271 966 2354 ἐγείρῃσι
988 2272 1107 2334 similes
1130 2273 1320 2334 indicativus

198 2390 270 2434 esse
296 2371 515 2445 arbitraretur,
543 2371 662 2452 quippe
689 2373 742 2451 qui
770 2373 800 2433 in
828 2372 1099 2436 enuntiationibus
1124 2375 1320 2438 secundariis

198 2481 331 2547 starent,
359 2475 391 2536 in
418 2472 533 2552 quibus
557 2473 712 2554 particula
734 2467 776 2538 σίν
799 2474 850 2536 vel
873 2475 932 2539 κέν
957 2475 1159 2537 coniunctivo
1182 2477 1321 2556 propria,

198 2575 287 2638 velut
310 2595 408 2656 saepe
430 2577 461 2636 in
485 2577 577 2657 epica
600 2585 633 2638 et
655 2576 754 2655 lyrica
777 2577 869 2659 po'esi
893 2575 941 2655 (cf.
961 2575 1037 2639 Sim.
1065 2592 1091 2656 5,
1115 2585 1177 2654 20),
1200 2579 1321 2640 omissa

197 2685 267 2740 erat
289 2686 385 2758 atque
408 2698 468 2759 pro
491 2697 525 2738 re
548 2685 624 2738 nata
646 2687 679 2740 et
701 2680 770 2758 ipse
792 2679 980 2740 indicativus
999 2677 1102 2740 locum
1119 2677 1240 2742 habere
1262 2701 1321 2761 po-

197 2787 290 2844 terat.
333 2779 376 2840 Et
399 2799 512 2860 reapse
530 2778 736 2842 Heraclidem
758 2779 801 2842 illi
824 2782 921 2842 errori
945 2781 1123 2842 obnoxium
1147 2781 1251 2844 luisse·
1267 2784 1322 2844 de·

197 2879 306 2956 clarat,
329 2882 416 2960 quod
436 2881 533 2942 etiam
551 2880 747 2942 homericum
771 2884 1008 2944 coniunctivum
1030 2885 1238 2966 παμφαίνῃσι
1260 2904 1321 2965 pro

197 2982 371 3045 indicativo
395 2983 528 3064 accepit;
559 2982 675 3062 quain
702 3003 735 3044 re
757 2983 808 3046 vel
829 2984 851 3048 Ι.
874 2983 1004 3046 Bekker
1026 2985 1173 3064 (Homer.
1197 2985 1323 3048 Blatter

196 3084 219 3162 I,
251 3085 323 3165 219)
355 3085 422 3147 eius
457 3093 566 3166 partes
600 3086 844 3164 quodammodo
879 3086 1029 3166 sequitur.
1085 3085 1184 3168 Quid,
1232 3089 1322 3168 quod

198 3185 386 3250 Heraclides
409 3187 461 3250 vel
489 3189 520 3248 in
547 3188 750 3250 coniunctivo
778 3187 942 3250 homerico
965 3177 1039 3270 ᾗσιν
1061 3190 1151 3251 verbi
1173 3189 1322 3252 substan-

198 3289 254 3350 tivi
282 3289 364 3350 miro
387 3291 486 3350 modo
510 3292 648 3352 eandem
676 3289 925 3370 explicationem
944 3287 1040 3368 (κατὰ
1067 3287 1108 3355 τὸ
1135 3291 1233 3371 φιλῶ)
1264 3293 1321 3354 ad·

199 3390 311 3455 hibere
333 3391 519 3452 conabatur.
606 3373 610 3384 ¹

284 3491 372 3574 Quid
394 3513 471 3556 vero
493 3492 701 3556 Aristarchus
724 3496 855 3574 eiusque
884 3493 997 3557 schola
1024 3495 1066 3556 de
1088 3493 1215 3574 lbyceis
1242 3496 1324 3558 indi·

199 3596 310 3658 cativis
322 3590 428 3680 νόησι,
443 3596 556 3680 φίλῃσι
568 3594 724 3657 similibus
740 3597 957 3673 iudicaverint,
972 3597 1140 3658 nescimus.
1167 3595 1324 3660 Fortasse

199 3717 277 3760 vero
300 3718 374 3760 cum
398 3717 455 3759 eos
478 3697 668 3760 indicativos
691 3717 763 3760 esse
786 3706 965 3778 appareret,
987 3698 1028 3760 ab
1050 3697 1110 3759 hac
1135 3706 1323 3762 controver-

198 3820 312 3862 sorum
334 3800 611 3861 coniunctivorum
629 3799 660 3858 in
679 3801 850 3862 enuntiatis
871 3799 1010 3864 relativis
1029 3802 1211 3882 positorum
1229 3821 1324 3880 quae

198 3903 306 3966 stione
327 3900 530 3964 secluserunt.

285 4002 466 4066 Rhetorum
490 4003 628 4082 denique
649 4010 748 4078 secta,
772 4022 908 4082 quorum
931 4005 1115 4066 doctrinam
1126 4002 1238 4066 Aelius
1257 4005 1331 4069 He,-

201 4107 353 4169 rodianus
371 4105 485 4168 litteris
504 4105 678 4180 mandavit,
695 4105 778 4168 inter
788 4125 824 4167 se
841 4104 902 4168 has
911 4108 1085 4187 'oppositas
1095 4109 1325 4186 grammatico·

200 4229 273 4270 rum
305 4209 481 4270 sententias
513 4207 683 4270 conciliare
714 4209 847 4271 studens
887 4207 955 4270 illas
992 4206 1113 4270 formas
1148 4205 1326 4272 verborum
