3042 4804
618 228 829 292 -23—.

164 383 304 468 ideoque
334 384 431 446 etiam
457 385 489 444 in
515 383 616 444 verba
642 403 721 464 pura
742 382 969 464 pervulgatam
996 381 1082 446 illam
1111 359 1284 446 clausulam

167 501 286 550 -οισα
308 494 341 546 et
363 485 515 564 -οισι(ν)
535 484 734 546 transtulisse
756 485 957 548 crediderim.

689 673 758 755 85·

431 807 471 858 De
489 810 661 872 geminatione
679 809 803 858 nasalium
822 816 845 858 et
864 810 1024 874 liquidarum.

253 910 370 972 Po'etas
400 909 546 972 choricos
568 909 726 972 Alcmene
753 909 892 972 auctore
916 913 1165 991 geminationem
1194 909 1284 990 liqui·

168 1014 280 1074 darum
320 1020 352 1073 et
388 1011 541 1074 nasalium
573 1011 766 1074 Lesbiacam
800 1033 1029 1093 nonnunquam
1059 1021 1092 1074 et
1122 1014 1165 1074 ad
1201 1011 1283 1073 arbi·

167 1115 264 1176 trium
295 1115 327 1174 in
353 1114 528 1175 dialectum
554 1133 646 1175 suam
676 1116 836 1194 recepisse
867 1117 1021 1176 videmus.
1067 1113 1130 1196 Qui
1152 1114 1285 1194 quidem

167 1235 243 1276 usus
271 1235 344 1276 cum
369 1217 433 1276 iam
460 1217 546 1296 apud
577 1217 687 1295 epicos
709 1217 900 1291 inveniatur,
933 1219 960 1277 si
992 1237 1056 1279 non
1087 1218 1219 1278 omnino
1242 1219 1284 1278 ad

166 1317 277 1396 epicae
299 1317 425 1396 linguae
447 1319 687 1390 auctoritatem,
715 1326 823 1380 tamen
846 1319 888 1379 ad
916 1339 1087 1381 commune
1113 1321 1224 1399 epicae
1253 1327 1286 1380 et

166 1418 306 1480 aeolicae
329 1420 436 1498 poesis
458 1419 646 1500 exemplum
668 1417 854 1482 referendus
877 1429 934 1482 est.

454 1573 476 1633 Ι.
520 1571 576 1634 De
599 1573 791 1653 geminata
814 1573 937 1634 nasali
961 1597 989 1638 ν.

253 1711 288 1765 a,
307 1693 338 1752 in
347 1692 521 1766 adiectivis‚
540 1711 623 1772 quae
635 1691 753 1754 suffixo
762 1715 845 1757 -νο
862 1714 881 1756 a
898 1693 1012 1758 substt.
1022 1701 1122 1756 neutr.
1132 1691 1185 1753 III.
1205 1693 1285 1755 decl.

166 1794 197 1853 in
220 1815 298 1868 -ες
319 1792 498 1854 formantur
522 1803 554 1856 et
575 1793 672 1873 vulgo
694 1795 726 1855 in
749 1791 882 1870 -εινός
904 1795 1060 1858 desinunt.

256 1911 288 1968 1.,
312 1895 382 1957 sola
404 1894 527 1976 vulgari
551 1895 689 1957 clausula
711 1892 843 1970 -εινός
861 1898 912 1975 (ex
931 1897 1047 1976 ες-νος)
1067 1896 1201 1959 exhibet
1216 1896 1298 1982 Pin-¹

167 1996 263 2058 darus
285 1996 373 2060 adii:
397 1990 717 2079 dleyervrielsemel),
745 1993 918 2080 ἐρατεινάς
940 1999 1096 2078 (saepius),
1122 1993 1288 2070 ποθεινός

166 2099 329 2178 (saepius),
353 2101 362 2174 (
381 2094 551 2174 )κοτεινός
569 2098 701 2178 (semel).
739 2097 775 2160 In
793 2099 929 2162 Homeri
948 2099 1142 2162 carminibus
1159 2106 1287 2180 praeter

166 2193 336 2282 ἀλεγεινός
359 2209 391 2260 et
412 2196 585 2282 ἐρατεινάς
607 2199 722 2279 legitur
745 2197 895 2276 ἐλεεινός.

252 2319 289 2381 2.,
312 2301 382 2362 sola
404 2300 527 2364 aeolica
548 2303 774 2364 terminatione
797 2311 958 2387 ponuntur
980 2323 999 2364 a
1021 2301 1171 2364 Pindaro:
1193 2305 1287 2366 κελα-

165 2399 288 2479 δεννός
318 2408 363 2484 (at
389 2403 488 2464 Hom.
517 2422 646 2484 semper
675 2401 878 2483 κελαδεινός)
907 2413 938 2465 et
961 2397 1153 2484 paavv0'921)
1176 2403 1287 2483 (Hom.

165 2498 323 2586 φαεινός).
366 2505 536 2566 Praeterea
568 2507 731 2566 Homerus
762 2514 949 2592 constanter
973 2505 1049 2566 dicit
1071 2499 1232 2587 ἀργεννός
1255 2514 1289 2566 et

165 2603 350 2691 ἓρεβεννός,
373 2627 509 2686 quorum
532 2607 669 2668 alterum
692 2609 856 2686 ceteroqui
878 2607 980 2670 semel
1003 2609 1034 2668 in
1057 2606 1132 2668 Eur.
1154 2606 1223 2688 Iph.
1246 2606 1287 2670 A.

168 2723 230 2789 574
254 2709 373 2786 (cant.)‚'
391 2708 526 2770 alterum
548 2709 676 2790 saepius
699 2710 785 2791 apud
809 2709 990 2772 Hesiodum
1013 2711 1159 2772 occurrit.
1355 2693 1358 2699 ⁵

253 2829 289 2891 3.‚
312 2810 374 2873 Per
395 2813 482 2872 vices
505 2809 652 2890 leguntur
674 2811 761 2894 apud
786 2809 961 2874 Pindarum
982 2813 1134 2873 undecies
1157 2808 1289 2886 κλεινός

168 2922 200 2976 et
219 2922 268 2975 ter
286 2909 456 2990 sxtrenvo'e
479 2914 564 2994 apud
581 2911 663 2975 Stes.
687 2913 721 2978 fr.
747 2927 761 2992 5
786 2917 938 2988 relaturis„
952 2922 1065 2974 contra
1087 2915 1168 2974 miro
1188 2915 1288 2974 modo

166 3016 197 3076 in
221 3013 298 3078 scol.
320 3017 430 3094 adesp.
454 3016 541 3096 apud
558 3014 675 3094 Bergk.
698 3037 729 3096 p.
756 3018 835 3078 1288
863 3037 910 3078 nr.
936 3029 950 3094 5
976 3019 1142 3088 κλεεννᾶς.
1186 3013 1289 3095 Apud

169 3109 351 3178 Homerum
376 3116 474 3192 deest,
497 3137 546 3198 ap.
570 3117 709 3196 tragicos
733 3127 781 3178 est
802 3112 943 3191 κλεινός.

252 3217 307 3278 Ex
338 3220 452 3279 ceteris
480 3217 615 3279 choricis
642 3217 745 3279 afferri
775 3219 1002 3279 tantummodo
1026 3215 1101 3280 licet
1122 3215 1290 3293 ποθεινός

167 3319 258 3397 (Sim.
277 3334 325 3398 71,
349 3319 494 3398 Licymn.
517 3323 557 3395 4).
593 3319 705 3398 Atque
727 3319 862 3398 Ibycum
886 3320 1051 3381 adiectivis
1073 3313 1236 3403 ἀργεννός
1257 3329 1290 3381 et

167 3415 341 3504 ἐρεβεννός
367 3441 460 3482 usum
489 3439 560 3482 esse
590 3427 681 3481 certo
708 3419 784 3480 mihi
809 3422 920 3500 testari
951 3422 1080 3483 videtur
1109 3421 1218 3500 Etym.
1244 3421 1290 3485 M.

171 3537 239 3610 135,
266 3539 307 3602 47
336 3531 369 3584 et
392 3522 497 3584 Cram.
525 3522 607 3586 Anu.
632 3521 722 3586 Oxx.
743 3521 770 3596 -Ι,Δ
791 3539 839 3602 31,
868 3539 906 3601 32
931 3530 1020 3584 nota:
1052 3520 1133 3598 ἔθος
1155 3525 1197 3603 τῇ
1218 3525 1297 3586 τῶν

163 3622 320 3709 Ῥηγίνων
347 3624 510 3706 διαλέκτῳ
541 3622 581 3688 τὸ
610 3648 621 3687 ι
647 3623 782 3706 τρέπειν
812 3622 859 3698 εἰς
884 3641 914 3686 ν·
933 3620 973 3688 τὸ
1004 3621 1065 3707 γὰρ
1092 3623 1218 3688 rnaldo
1246 3625 1290 3703 sti)

168 3728 301 3792 σπένδω
323 3727 379 3790 καὶ
401 3724 446 3810 τὸ·
466 3723 557 3790 ἐ’νὸοι
579 3723 682 3790 ἔνδον
700 3727 755 3789 καὶ
773 3724 813 3790 τὸ
829 3721 995 3814 ὲρεβεινός
1013 3717 1080 3790 ἀπὸ
1099 3728 1162 3790 τοῦ
1177 3722 1291 3812 ’ἔρεβος

238 3935 271 3990 ²¹)
291 3933 363 3994 Quae
381 3931 462 3978 forma
485 3931 544 3978 inde
563 3945 577 3978 a
594 3931 700 3978 Pindaro
725 3931 790 3994 apud
814 3935 902 3995 poetas
920 3921 1017 3978 videtur
1040 3929 1116 3979 fuisse
1134 3931 1290 3995 pervulgata,

169 4015 244 4064 quam
266 3999 346 4062 Soph.
365 3999 417 4056 (Αἰ.
437 3998 486 4060 396
504 3995 713 4064 φαεννότατον)
738 4015 787 4046 non
812 3999 893 4046 solum
918 4000 944 4046 in
967 3999 1106 4058 cantilena,
1133 4000 1177 4047 sed
1200 3999 1240 4047 vel
1265 4001 1291 4052 in

167 4065 404 4196 {qqqrqrassfflhtssss
424 4065 558 4132 φαεννῆς)
576 4067 725 4130 saepiusque
743 4067 878 4130 Euripides
896 4067 936 4128 (ef.
948 4067 1035 4152 Gerth,
1054 4067 1122 4116 Curt.
1133 4067 1203 4117 stud.
1221 4067 1241 4128 1,
1265 4079 1295 4132 2,¹
