3042 4804
666 295 690 302 ..
747 261 873 322 58.-

295 429 371 492 Mea
404 429 501 510 igitur
534 431 691 492 sententia
723 429 841 510 lbycus
876 430 992 510 partim
1028 431 1061 490 in
1092 428 1331 492 similitudinem

207 533 375 613 epicorum
398 532 571 595 verborum
593 533 716 616 τίθησι,
739 529 816 616 ῗῃσι,
839 525 969 616 ὀνίνησι
991 531 1033 593 ab
1051 531 1179 594 aeolicis
1201 550 1331 611 quoque

208 633 316 696 verbis
336 631 444 719 νόῃμι,
463 635 577 718 φίλῃμι
596 643 656 698 etc.
675 636 803 697 tertiam
821 634 981 696 indicativi
1000 633 1080 714 sing.
1095 631 1200 718 νόῃσι,
1218 635 1332 716 φίλῃσι

208 737 314 812 finxit,
347 737 464 818 partim
494 736 692 798 homericum
720 757 812 798 usum
840 737 980 798 imitatus
1008 737 1227 798 coniunctivos
1250 737 1331 796 istos

211 837 385 901 verborum
408 837 642 918 barytonorum
665 835 767 920 ἐ’χῃσι,
795 837 937 922 ἐγείρῃσι
959 839 990 898 in
1012 837 1167 900 similibus
1190 837 1332 900 enuntia-

209 941 352 1002 tionibus
371 941 512 1003 relativis
528 949 626 1020 atque
634 941 798 1004 Homerus
818 940 972 1006 adhibuit.
1000 939 1091 1021 Quos
1111 941 1331 1002 coniunctivos

207 1041 326 1122 ibycus
350 1063 465 1123 reapse
487 1042 528 1105 ab
552 1043 641 1124 epica
664 1043 772 1123 lingua
795 1051 956 1106 mutuatus
984 1043 1111 1104 videtur
1137 1062 1222 1116 esse;
1255 1061 1331 1103 nam

207 1142 299 1228 ἔχῃσι
320 1146 353 1206 in
375 1143 534 1207 sententia
556 1144 694 1224 Ibyceae
717 1144 878 1207 simillima
901 1145 1049 1207 occurrit:
1073 1168 1101 1220 n,
1123 1158 1178 1224 95:

295 1242 345 1332 ἡδ’
366 1245 424 1311 ἵνα
447 1270 505 1331 μιν
527 1248 624 1324 κλέος
645 1247 771 1314 ἐσθλὸν
793 1249 829 1315 ἐν
848 1243 1084 1330 ἀνθρώποισιν
1106 1245 1216 1330 ἔχῃσιν

294 1358 391 1430 atque
414 1348 577 1434 ἐγείρῃσιν
600 1353 719 1431 reperis
742 1355 781 1426 K,
806 1365 874 1431 511.

297 1450 389 1532 Quae
417 1472 489 1514 curn
516 1455 561 1515 ita
587 1455 661 1529 sint,
697 1453 801 1538 σχῆμα
825 1448 984 1532 Ἰβύκεισν
1010 1472 1075 1514 non
1098 1452 1187 1531 Ibyci
1214 1457 1332 1532 po‘etae

207 1553 321 1627 errori,
354 1573 451 1633 quam
474 1554 629 1617 Ahrentis
657 1555 755 1637 (verh.
777 1577 808 1636 p.
833 1559 882 1636 70)
907 1558 1093 1637 opinionem
1116 1554 1180 1615 iam
1203 1551 1332 1615 Curtius

209 1653 334 1729 refellit,
368 1657 426 1717 sed
452 1675 544 1718 mero
575 1657 741 1718 rhetorum
775 1667 807 1719 et
834 1660 1119 1737 grammaticorum
1142 1675 1333 1735 graecorum

209 1758 343 1819 invento
366 1756 571 1876 tribuendum
594 1767 650 1822 est.

652 2099 775 2183 Caput
797 2101 885 2164 VIII.

453 2223 508 2282 Do
532 2225 686 2297 singulis
710 2225 939 2298 quibusdam
962 2223 1089 2283 rebus

296 2338 445 2420 Denique
471 2359 590 2420 reapse
614 2339 765 2402 nonnulla
796 2339 1006 2414 inveniuntur,
1038 2340 1069 2400 in
1100 2340 1217 2420 quibus
1245 2343 1331 2421 apud

209 2438 357 2503 choricos
395 2440 519 2504 dialecti
554 2441 685 2522 aliquod
724 2444 895 2504 discrimen
933 2443 1156 2523 conspicimus.
1217 2442 1332 2522 Neque

212 2550 321 2606 tamen
337 2563 449 2605 omnes
465 2543 538 2606 illae
556 2564 616 2618 reS,
639 2565 723 2624 quae
741 2565 815 2606 raro
834 2554 889 2606 aut
911 2553 946 2606 ut
969 2545 1111 2606 maxima
1132 2565 1206 2626 pars
1229 2544 1332 2607 semel

211 2644 399 2719 obveniunt,
428 2645 514 2727 apud
537 2645 636 2707 ullum
657 2649 737 2708 tanti
761 2655 835 2708 sunt
858 2649 1025 2720 momenti,
1057 2655 1091 2708 ut
1114 2649 1181 2708 eius
1204 2646 1331 2708 dialecti

209 2757 358 2808 naturam
381 2756 414 2810 et
437 2747 579 2810 indolem
602 2747 643 2809 ab
666 2751 778 2810 ceteris
803 2747 937 2809 multum
960 2749 1164 2812 seiunxerint.

723 2902 812 2983 321.

445 3022 484 3069 De
503 3021 590 3070 formis
608 3022 751 3071 stesichoro
769 3022 900 3086 Ibycoque
917 3022 1096 3086 peculiaribus.

295 3120 499 3184 Stesichorus
538 3121 720 3204 Ibycusque
756 3123 901 3204 quamvis
941 3123 1170 3185 reconditiores
1209 3121 1329 3184 formas

209 3243 371 3303 vocesque
394 3223 579 3287 dialecticas
602 3228 703 3288 vitare
726 3227 905 3302 studerent,
931 3234 1041 3287 tamen
1067 3234 1101 3286 ut
1128 3225 1247 3305 ubique
1274 3245 1329 3286 eas

209 3327 395 3389 omitterent
418 3347 474 3388 eos
497 3348 563 3389 non
586 3347 658 3390 esse
680 3337 844 3390 assecutos
868 3336 1003 3408 apparet
1031 3347 1073 3388 ex
1096 3327 1227 3407 singulis
1250 3346 1330 3387 non-

209 3428 300 3490 nullis
324 3429 442 3504 sormis,
465 3449 548 3511 quae
570 3450 634 3491 non
657 3451 715 3491 usu
738 3431 869 3492 veniunt
891 3433 949 3492 nisi
972 3431 1003 3491 in
1026 3428 1206 3492 Siculorum
1224 3429 1329 3490 ltalio-

206 3537 379 3612 tarumque
403 3551 553 3593 sermone
576 3532 628 3594 vel
650 3534 735 3614 apud
758 3531 818 3593 hos
840 3539 954 3613 po'etas
977 3531 1072 3594 solos.

235 3683 257 3749 I.
302 3683 498 3765 Quaedam
521 3707 540 3748 a
562 3689 690 3767 poetis
713 3708 762 3748 ex
783 3687 909 3767 patrio
932 3706 1107 3748 sermone
1130 3695 1296 3767 recepta.

298 3821 329 3876 1.‚
349 3804 401 3866 De
424 3805 636 3868 declinatione
653 3807 819 3868 nominum
838 3806 1048 3887 propriorum,
1071 3826 1154 3886 quae
1175 3805 1274 3886 vulgo
1297 3807 1329 3867 in

205 3902 307 3982 -εύς
329 3907 487 3974 desinunt.

292 4009 467 4071 Priscianus
484 4009 541 4084 VI,
564 4021 605 4090 92
630 4010 679 4087 (cf.
697 4010 742 4072 Ib.
763 4010 798 4072 ir.
821 4012 868 4090 10)
891 4012 999 4073 tradit:
1022 4011 1189 4072 Romanos
1211 4030 1329 4092 graeca

208 4112 339 4174 nomIna
357 4111 487 4191 propria
502 4106 670 4194 Ἀχιλλεύς
684 4111 832 4187 Achilles,
850 4107 999 4195 Περσεύς
1015 4113 1136 4187 PerseS,
1154 4108 1328 4190 Ὀδυσσεύς

205 4213 286 4293 (iure
301 4233 360 4293 pro
379 4213 473 4276 codd.
488 4209 645 4293 Οὐλιξεύς
663 4216 839 4296 repositum
858 4213 1140 4292 aSchneidewino,
1156 4215 1202 4278 Ib.
1222 4215 1327 4297 Rheg.
