3042 4804
601 205 815 264 -,,-

147 375 206 417 eos
228 356 373 419 similiter
394 367 492 438 atque
517 358 637 420 chorici
659 357 866 420 imitabantur
888 356 1038 435 elegiacis
1059 355 1269 435 iamhidsque

145 457 290 534 {Renner
300 455 392 524 stud
409 459 432 533 I,
454 477 465 520 1
478 480 511 540 p.
532 475 589 539 145
609 461 668 540 sq.)
683 467 758 521 ante
774 458 876 520 verba
889 457 1087 539 inprincipio
1101 456 1269 536 digammo

144 559 293 639 praedita
309 561 440 624 vomles
460 562 578 624 breves
599 563 641 624 ad
663 561 829 624 arbitrium
851 559 904 622 vel
925 560 1061 622 intactas
1082 559 1195 620 sivisse
1216 559 1269 620 vel

145 661 276 735 elisisse,
294 661 425 724 vocales
438 683 518 725 vero
535 663 649 744 longas
663 673 700 726 et
717 661 940 744 diphthongos
957 661 1010 724 vel
1026 661 1155 741 saepius
1168 679 1268 742 quam

144 763 327 826 Homerum
349 767 451 828 videri
472 768 673 847 corripuisse.

230 865 254 928 Ι.
301 865 359 928 Vis
382 867 589 948 digammatis
611 869 710 929 nativi
731 869 775 928 ad
796 868 829 928 id
850 875 979 946 tempus
1001 866 1134 928 resedit:

229 988 266 1040 a,
295 969 350 1030 ubi
373 969 493 1032 vocalis
515 972 674 1051 producta
695 969 747 1032 vel
764 969 986 1050 diphthongus
1001 988 1068 1030 non
1085 970 1266 1050 corripitur:

144 1067 229 1131 Stes.
249 1071 289 1148 38
303 1067 419 1138 Ἑλένα
429 1069 563 1147 ἑκοῦσα
581 1073 627 1138 lb.
644 1075 666 1134 6
683 1073 740 1136 καὶ
756 1071 793 1135 iu
808 1072 865 1135 καὶ
883 1069 1069 1154 ἑλέχρυσοςς
1087 1071 1230 1133 Timocr.
1241 1088 1267 1146 1,

147 1185 185 1230 12
202 1168 247 1254 μὴ
273 1162 377 1254 ὥραν,
399 1176 487 1235 cuius
509 1176 601 1236 radix
624 1183 674 1237 est
701 1169 763 1259 fop
779 1174 830 1252 (cs.
854 1173 942 1237 Curt
964 1174 1031 1238 Εἰ*
1054 1177 1135 1253 349ἲ.
1178 1173 1266 1235 Exx

145 1270 313 1334 Pindarica
334 1276 399 1335 iam
421 1277 586 1355 congessit
607 1277 702 1340 Peter
724 1299 755 1358 p.
778 1293 818 1339 22
842 1297 890 1357 sq.

229 1375 270 1446 n,
291 1374 346 1437 ubi
364 1362 559 1439 antecedens
580 1379 701 1441 vocans
723 1381 831 1442 brevis
856 1399 922 1441 non
944 1380 1093 1442 abidan:
1123 1375 1200 1440 sien
1227 1379 1265 1439 18

78 1527 82 1544 ,
143 1469 229 1538 ἑπτὰ
247 1473 475 1561 ἰοπλοκάμων,
494 1494 544 1558 32,
562 1495 581 1541 2
600 1474 708 1564 ἄνδρα
724 1478 819 1560 ἰδών,
843 1497 892 1561 32,
914 1499 926 1542 1
948 1480 1033 1544 ποτὲ
1051 1478 1162 1561 εἰπρς;
1185 1475 1266 1540 salso

141 1574 286 1638 editores
307 1574 415 1660 ᾳάσρς
435 1581 682 1644 adversantibus
704 1584 871 1645 codicibus
893 1584 1025 1663 optimis
1046 1601 1090 1643 ex
1112 1588 1266 1661 corrupta

16 1701 19 1718 ›
143 1679 276 1740 minoris
307 1679 381 1742 fidei
413 1681 569 1744 librorum
599 1687 757 1765 scriptura
789 1689 854 1767 ᾳῇς
884 1685 936 1746 vel
965 1681 1053 1769 φήσῃ
1079 1683 1183 1745 textui
1206 1681 1264 1743 ob·

143 1789 314 1844 truserunt
358 1783 507 1864 Denique
528 1787 639 1866 adesp.
664 1790 741 1866 39‚8
764 1789 941 1870 σφετέροιο
963 1780 1120 1858 ἄνακτος.

229 1903 267 1950 c..
289 1884 345 1945 ubi
366 1884 493 1964 syllaba
510 1889 709 1968 praecedens
724 1898 873 1969 correpta
887 1891 1049 1969 positione
1064 1886 1263 1968 producitur:

143 1985 233 2046 Pind.
254 1985 281 2064 J.
302 1986 359 2064 VI,
380 2003 422 2063 42
438 1991 601 2053 τοιοῦτον
624 1986 705 2064 ἔπος
721 1991 826 2070 (codd.
845 1989 925 2052 falso
943 1993 1105 2054 τοιοῦτον
1119 2009 1153 2050 τι
1170 1984 1263 2060 ἔπος)

142 2095 175 2148 et
196 2087 229 2147 in
252 2089 368 2150 eadem
390 2109 473 2151 voce
494 2089 572 2152 Sim.
590 2106 639 2170 37,
659 2094 696 2154 18
718 2092 910 2174 θαρσαλέον
931 2089 1020 2165 ἔπος.
1053 2088 1172 2151 Altero
1186 2088 1261 2149 loco

142 2187 261 2251 Christi
283 2200 519 2270 argumentum,
541 2195 594 2272 qui
616 2195 648 2254 in
670 2193 750 2260 Phil.
768 2193 876 2267 XXV,
897 2195 957 2272 631
983 2213 1012 2254 n.
1031 2208 1050 2272 7
1073 2191 1222 2254 vocalem
1241 2212 1259 2252 ο

140 2291 171 2352 in
194 2292 325 2371 antiqua
347 2291 524 2355 litteratura
546 2315 650 2375 aeque
671 2317 708 2358 ac
730 2306 846 2377 postea
867 2298 1029 2359 interdurn
1053 2318 1065 2358 ι
1086 2293 1138 2356 vel
1160 2315 1183 2358 α
1203 2312 1259 2353 vo

140 2393 225 2455 cales
243 2394 416 2474 ancipitem
434 2394 531 2458 fuisse
552 2399 725 2472 contendit,
747 2398 833 2461 haud
856 2401 923 2460 scio
946 2418 988 2459 an
1009 2417 1122 2478 pamm
1144 2394 1260 2469 valeat

140 2496 293 2574 quoniam
315 2494 517 2560 Simonidem
547 2498 600 2560 illa
630 2521 723 2562 usum
753 2521 826 2564 esse
847 2504 903 2562 vix
934 2499 1105 2562 verisimile
1134 2506 1195 2570 est,
1226 2495 1259 2556 id

141 2597 229 2676 quod
252 2598 304 2660 vel
327 2597 434 2661 Christ
462 2599 531 2680 ipse
558 2604 599 2681 (p.
620 2603 685 2664 610
713 2609 774 2683 sq.)
797 2624 841 2666 ex
862 2601 1053 2666 testimoniis
1084 2598 1184 2661 schol.
1216 2598 1259 2660 ad

138 2698 274 2778 Dionys
296 2699 373 2762 Thr.
395 2704 459 2781 780
481 2721 529 2781 sq.
551 2711 583 2764 et
604 2703 683 2766 Plini
705 2727 734 2766 n.
757 2705 788 2766 h
806 2704 879 2778 VH,
898 2707 928 2782 8,
954 2719 1012 2784 192
1035 2705 1142 2766 docet.
1175 2698 1258 2763 Cum

138 2809 247 2862 autem
269 2802 301 2862 in
326 2802 433 2883 lingua
459 2806 550 2886 epioa
570 2811 686 2872 eadem
713 2827 781 2870 vox
803 2806 885 2883 ἔπος
906 2808 1096 2887 saepissime
1119 2805 1258 2886 produc·

138 2903 261 2966 tionem
271 2903 388 2968 efficiat
396 2885 553 2984 (πυκινὸν
562 2908 643 2986 ἔπος
654 2915 693 2984 H,
712 2925 751 2990 37
756 2924 785 2990 53
805 2914 843 2985 Λ,
853 2913 928 2990 787;
943 2914 1068 2988 Ω,·744;
1084 2888 1164 2970 nstin
1177 2904 1258 2982 ἔπος

138 3008 177 3080 Ω,
188 3017 242 3084 75;
261 3001 458 3084 εἰπᾶςέπος;
472 3013 514 3086 Α,
528 3015 598 3086 1083
613 2993 721 3077 κακέν
729 3010 810 3087 ἔπος
818 3017 854 3087 Ρ,
864 3027 938 3092 701;
957 3015 997 3086 Ω,
1007 3009 1082 3089 767;
1101 3006 1255 3085 mult-al),

137 3109 215 3186 qnid
237 3115 288 3169 est
305 3109 476 3190 simplicius
491 3116 661 3194 veriusque
679 3133 777 3194 quarn
792 3123 826 3176 ut
844 3114 905 3175 hos
923 3118 1038 3194 pottas
1056 3109 1144 3171 illum
1162 3129 1255 3172 usum

137 3227 179 3270 ex
202 3207 350 3272 Homero
372 3215 532 3294 recepisse
552 3223 710 3296 putemus.

221 3311 258 3374 H.
304 3312 363 3374 Vis
386 3317 592 3396 digammatis
614 3319 711 3380 nativi
734 3318 828 3398 plane
850 3317 997 3379 evanuit:

220 3435 256 3489 a,
300 3414 355 3477 ubi
387 3417 516 3481 vocales
552 3419 668 3500 longae
703 3420 755 3482 vel
793 3418 986 3501 diphthongi
1026 3419 1253 3497 corripiuntur:

135 3516 212 3579 Sim.
224 3530 267 3596 74
277 3499 383 3587 κλῦτίι
401 3519 506 3602 ἔαρος.
548 3521 583 3582 In
601 3521 727 3583 Pindari
750 3521 891 3602 epiniciis
910 3519 988 3600 legi:
1011 3519 1042 3582 Ρ.
1064 3519 1117 3594 1,1
1137 3513 1253 3585 Ἁπόλ-

135 3623 244 3692 λωνος
270 3601 350 3720 καίὶ·
363 3619 591 3707 ἰοπλοκάμων,
622 3623 660 3684 Ν.
683 3623 738 3697 IV,
765 3626 806 3702 89
834 3617 992 3704 Ἐφιάλτᾶ
1022 3611 1114 3700 ἅναξ,
1146 3619 1181 3683 ir.
1214 3635 1254 3702 54

132 3725 270 3807 λιπαραὶ
286 3727 353 3788 καί
373 3723 577 3808 ἰοστέφανοι.

218 3827 258 3900 b.,
285 3827 339 3888 ubi
369 3827 489 3890 vocalis
518 3828 626 3890 brevis
657 3827 788 3892 elisione
818 3835 1018 3890 removetur:
1049 3825 1095 3888 Ib.
1132 3843 1143 3888 1
1180 3821 1250 3892 αἵτ’

134 3927 340 4018 οἰνανθίδες;
363 3929 446 3994 Prat.
469 3930 492 4002 I,
518 3945 554 4010 17
578 3925 764 4013 κιοοοχαῖτ’
789 3923 886 4008 diva&
905 3927 983 3994 Sim.
1008 3943 1045 4009 57
1070 3921 1191 3993 ἄνθεσί
1212 3925 1249 3994 τ’
1344 3995 1347 4002 ,

134 4029 299 4115 εἰαρινοῖς,
318 4047 353 4109 31
371 4029 412 4095 τό
430 4026 461 4095 d'
483 4025 637 4116 ὄργανον,
654 4036 705 4110 48,
725 4051 742 4112 3
761 4033 904 4114 Λεχαίου
921 4030 953 4106 r'
972 4027 1122 4098 ἄνασσεν.
1143 4029 1251 4094 Dubia

133 4143 182 4194 est
205 4131 296 4194 elisio
319 4135 350 4194 in
372 4132 407 4194 ir.
432 4150 481 4213 31,
506 4151 523 4195 2
548 4127 662 4219 ὄρχημ’
688 4129 772 4211 οἰδα,
796 4155 839 4197 ex
864 4134 984 4217 Bergki
1013 4133 1169 4215 scriptura
1190 4153 1250 4216 pro
