3042 4804
714 265 927 340 ,64-

260 437 411 518 ματικοὸν
441 433 496 500 διὰ
531 432 595 499 τὸν
625 431 809 518 μελοποιὸν
840 429 960 516 δηλαὸί
992 423 1121 510 ’ίβυκον
1153 425 1385 514 φιληὸήσαντα

262 533 404 620 τοιαύτῃ
426 533 566 621 γλώσσῃ.
598 535 626 600 εί
650 532 700 622 δή,
730 536 823 618 φησί,
850 534 905 598 καί
928 531 969 598 τὸ
993 522 1022 596 σί
1044 533 1221 598 τουτέστιν
1242 528 1385 615 ὑπάρχω

261 634 397 722 πρώτης
418 635 488 703 ἐστὶ
507 639 660 722 συζυγίας
681 634 767 702 κατὰ
791 633 830 702 τό
854 637 941 716 φιλῶ
962 636 1018 700 καί
1040 635 1110 700 ἐστι
1132 635 1252 717 τρίτον
1275 629 1385 699 αὐτοῦ

262 734 300 816 εί,
328 737 560 824 σ’ωριζόμενον
582 737 668 804 κατὰ
687 735 857 823 Ῥηγίνους
882 732 1002 821 γένοιτ’
1034 732 1077 802 A>
1104 732 1212 820 ὁμοίῳ
1232 731 1324 819 λόγῳ
1346 736 1385 802 ἐκ

260 837 387 906 τούτου
405 832 480 926 ἦσιν
500 839 519 908 6
538 837 689 917 ἐνεστώς·
714 836 836 905 Ἰστίον
854 839 900 917 δι’,
919 830 974 904 ὅτι
993 833 1033 904 οὐ
1048 837 1126 921 περί
1148 839 1274 919 τρίτων
1298 832 1384 902 αὐθ-

260 939 465 1008 υποτάκτων
498 942 589 1008 ἐστὶν
621 939 777 1026 ὀλόγος,
808 937 930 1008 ὁποῖον
960 939 1001 1006 τὸ
1028 937 1122 1024 λάβῃ,
1153 937 1252 1022 λάχῃ,
1282 938 1318 1018 ἐξ
1332 927 1385 1004 ὧν

260 1041 387 1127 λάβῃσι,
410 1041 532 1128 λάχῃσι.
556 1039 642 1109 αὐτὰ
665 1041 728 1128 γὰρ
749 1044 805 1108 καί
828 1035 890 1108 ὅσα
912 1045 1054 1108 τοιαῦτα
1077 1037 1117 1107 οὗ
1133 1040 1290 1128 Ῥηγίνων
1312 1040 1385 1117 είσί,

260 1141 343 1212 ἀλλὰ
363 1143 496 1212 Ἰώνων.
770 1157 775 1167 ’

347 1248 452 1330 Quo'
444 1271 475 1312 rn
497 1257 672 1330 praecepto
690 1247 877 1312 Eustathius
900 1246 1018 1309 verbis·
1042 1245 1075 1311 οἳ
1097 1251 1149 1322 (sc.
1165 1243 1316 1331 Ῥηγίνοι)
1339 1242 1385 1310 τὰ

260 1354 358 1435 τρίτα
372 1355 444 1414 τῶν
459 1347 690 1432 ὁριστικῶν-
701 1349 755 1415 ἐπὶ
775 1347 903 1414 τούτου
920 1358 1017 1430 atque
1033 1369 1146 1430 porro:
1163 1347 1192 1413 εί
1210 1346 1251 1430 δὴ
1268 1348 1324 1412 καί
1341 1344 1385 1412 τὸ

259 1455 350 1518 ul-
372 1442 448 1538 ἦσιν
470 1448 489 1518 6
512 1448 655 1528 ἐνεστώς
672 1452 861 1533 plerumque
879 1451 981 1514 verbo
996 1460 1090 1514 tenus
1105 1450 1285 1513 Heraclidis
1304 1452 1384 1512 doc·

259 1557 375 1617 trinam
408 1555 525 1629 reddit;
500 1563 671 1618 tcontra
697 1554 804 1618 verbis
826 1557 976 1620 καλεῖται
1000 1553 1036 1618 δὲ
1058 1550 1099 1618 τὸ
1123 1555 1290 1639 σχῆμα*-
1313 1574 1384 1618 τοι·

261 1651 346 1738 αύτῃ
363 1653 494 1740 γλώσσῃ
510 1658 550 1719 ad
571 1656 748 1718 Herodiani
767 1655 850 1718 illam
869 1664 1003 1737 spectat.
1038 1656 1073 1717 ln
1082 1654 1146 1718 fine
1163 1675 1241 1719 vero
1259 1654 1386 1716 verbis:

260 1757 371 1824 ίστέον
394 1757 440 1834 δι’,
464 1750 518 1824 ὅτι
541 1752 583 1823 οὐ
597 1793 640 1806 --
659 1753 742 1823 ἀλλὰ
763 1751 888 1822 Ἰώνων
910 1757 962 1820 vel
979 1759 1108 1820 tertiam
1127 1757 1288 1838 quandam
1307 1776 1384 1837 sup-

259 1861 383 1942 peditat
406 1861 611 1924 sententiam.

301 1971 304 1978 '
346 1964 446 2026 Porro
495 1967 603 2049 σχῆμα
638 1958 796 2043 Ἰβύκειον
836 1963 967 2026 omnino
1015 1983 1080 2025 non
1119 1981 1382 2026 commemorans

259 2065 328 2128 illas
350 2065 447 2147 plane
470 2067 613 2129 diversas
636 2066 678 2127 de
699 2067 782 2128 veris
805 2065 1012 2128 coniunctivis
1035 2064 1087 2127 vel
1109 2065 1286 2127 indicativis
1308 2083 1383 2126 sen·

259 2169 375 2230 tentias
397 2169 496 2232 tradit
517 2188 653 2248 gramm.
677 2168 729 2230 Et.
751 2167 795 2229 M.
813 2169 885 2246 650,
898 2169 952 2246 56:
974 2168 1191 2250 παμφαίνῃσι,
1214 2164 1306 2249 ἔχῃσι
1324 2166 1383 2230 καὶ

259 2267 301 2333 τὰ
320 2273 462 2334 τοιαῦτα
477 2267 542 2352 ἔχει
563 2267 604 2334 τό
618 2268 965 2352 ἶπροςγεγραμμένσν
983 2267 1070 2335 κατὰ
1088 2265 1152 2355 τὴν
1169 2265 1382 2353 παραλήγου-

260 2389 332 2436 σαν·
355 2368 509 2456 ἔστιγὰρ
536 2369 595 2436 ἐὰν
617 2373 800 2456 παμφαίνω
824 2372 880 2436 καί
904 2369 945 2436 τὸ
972 2372 1091 2454 τρίτον
1117 2371 1300 2456 παμφαίνῃ·
1323 2365 1383 2434 καί

258 2471 380 2539 λοιπὸν
397 2468 473 2540 κατ>
494 2471 630 2539 ἔκτασιν
647 2476 707 2559 τῆς
730 2479 758 2545 σῖ
778 2476 941 2561 συλλαβῆς
954 2475 1084 2558 γίνεται
1100 2473 1308 2557 παμφαίνῃσι
1323 2472 1380 2536 καί

258 2575 368 2660 ἔχῃσιν
381 2576 417 2656 ³⁶)
435 2570 458 2662 ἤ
472 2575 542 2643 ἐστι
559 2578 681 2656 φαίνω,
697 2577 834 2657 φαίνεις,
853 2578 972 2657 φαίνει·
992 2577 1156 2660 διαλέκτῳ
1171 2577 1207 2641 δὲ
1222 2573 1381 2661 Ῥηγίνων

258 2675 422 2763 γράφεται
444 2675 485 2744 τὸ
518 2679 636 2761 τρίτον
662 2675 846 2760 πρόςωπον
870 2676 925 2743 διά
955 2679 1020 2744 τοῦ
1042 2686 1063 2766 η
1089 2677 1173 2763 μετὰ
1196 2681 1259 2743 τοῦ
1277 2682 1311 2748 ἶ·
1336 2675 1380 2742 τὰ

258 2780 320 2866 γάρ
344 2795 419 2846 νοεῖ
443 2781 499 2845 καὶ
526 2785 617 2860 φιλεῖ
642 2784 738 2863 νοῃσι
760 2781 815 2844 καὶ
839 2785 951 2864 φιλῃσι
968 2782 1122 2866 λέγουσιν
1139 2782 1260 2848 ἐκείνοι
1280 2783 1379 2844 πλεο-

258 2887 374 2966 νασμῷ
389 2885 449 2968 τῆς
467 2887 492 2952 ὅ,
513 2882 684 2968 συλλαβῆς·
707 2873 801 2947 οὕτω
824 2884 880 2947 καὶ
898 2881 939 2948 τὸ
957 2886 1186 2967 παμφαίνῃσιν
1201 2879 1338 2958 Ἰλιάδος
1353 2905 1378 2946 ε.

259 2984 384 3067 Quibus
402 2984 519 3048 ultimis
537 2984 646 3047 verbis
665 2984 844 3048 Heraclidis
862 2987 1050 3060 doctrinam,
1072 2988 1131 3048 sed
1149 2984 1283 3048 confuse
1304 3005 1378 3066 pro·

258 3087 330 3150 ferri
352 3089 383 3148 in
406 3095 557 3168 promptu
581 3085 850 3168 manifestumque
872 3095 931 3151 est.

342 3187 393 3249 De
415 3187 478 3250 hoc
499 3197 623 3252 tantum
646 3187 794 3252 dubitare
816 3188 897 3264 licet,
931 3190 973 3252 ad
997 3209 1170 3270 quemnam
1190 3189 1377 3270 grammati·
1422 3169 1427 3178 ’

257 3309 330 3350 cum
356 3309 495 3369 quamve
522 3291 768 3370 grammaticam
795 3290 940 3354 scholam
968 3293 1009 3354 sit
1035 3290 1201 3354 referenda
1231 3294 1403 3354 doctrina·

257 3411 354 3471 quam
372 3390 518 3454 Eustath.
533 3394 564 3454 in
583 3391 654 3466 fine,
675 3391 785 3472 Etym.
801 3393 844 3454 M.
866 3395 972 3474 primo
990 3393 1072 3468 1000,
1087 3393 1222 3456 Phavor.
1239 3394 1377 3474 prolessi

255 3495 484 3576 παμφαίνῃσιν
503 3503 561 3556 etc.
580 3515 614 3556 re
632 3514 708 3556 vera
727 3515 798 3556 esse
813 3495 1033 3558 coniunctivos
1052 3503 1149 3575 atque
1166 3497 1290 3558 ionicae
1309 3497 1376 3557 dia-

256 3594 343 3657 lecto
360 3597 509 3676 proprios
527 3596 665 3658 tradunt.
699 3595 861 3676 Equidem
882 3597 1063 3660 Aristarchi
1082 3597 1375 3660 Aristarcheorum-

256 3717 318 3778 que
340 3717 411 3758 eam
435 3717 506 3759 esse
528 3697 626 3760 credo
648 3698 787 3778 primum
809 3707 943 3779 propter
966 3699 1052 3762 illam
1075 3697 1254 3762 Aristarchi
1277 3701 1319 3762 ad
1341 3699 1376 3766 Il.

255 3803 293 3873 Ε,
317 3799 338 3860 6
360 3797 495 3884 διπλῆν,
522 3808 592 3861 tum
614 3807 800 3880 propterea,
831 3802 918 3881 quod
941 3801 1143 3877 HeraclideS,
1173 3803 1375 3865 adversarius

255 3899 459 3981 aequalisque
489 3899 573 3982 Apri
600 3898 800 3964 Aristarchei
831 3904 994 3982 totiusque
1021 3900 1251 3966 Aristarcheae
1282 3904 1376 3966 disci·

323 4085 357 4151 3⁶)
376 4091 491 4172 Quocum
513 4102 595 4151 paene
619 4087 697 4136 verbo
721 4093 792 4137 tenus
810 4089 1048 4140 consentitPhauor.
1064 4101 1114 4153 339
1132 4091 1225 4141 Dind:
1244 4091 1375 4156 παμφαί·

256 4169 345 4225 νῃσιν
365 4151 439 4208 κατὰ
457 4150 613 4208 ἐπίκταοιν
632 4148 690 4206 ἀπὸ
697 4159 761 4276 ὲτοῦ
778 4149 831 4208 ἐάν
849 4155 1011 4238 παμφαίνω
1036 4172 1077 4209 πα
1059 4157 1289 4288 Ἣφαίνηγς
1221 4159 1339 4279 παμφα
1340 4176 1376 4228 νη

256 4223 342 4288 p3o8
352 4230 487 4274 annotans
506 4219 539 4276 τὸ
550 4214 710 4290 ελβρσιν
708 4217 804 4292 ῃῃσιν,
821 4220 923 4293 λάβῃσι
940 4225 989 4277 καί
1007 4220 1043 4278 τὰ
1063 4220 1149 4290 (μοια
1180 4243 1270 4278 ωνικα
1282 4222 1375 4290 (ἐστι).
