3042 4804
672 219 858 280 -5..

208 389 443 468 temperatione
472 389 621 450 disseruit
652 387 691 449 G.
722 387 887 450 Hermann
918 389 971 467 (de
998 387 1068 450 dial.
1094 387 1185 450 Pind.
1206 407 1236 468 p.
1254 387 1325 454 lVl:

209 490 273 572 Qui
305 509 513 552 communem
545 489 683 570 linguam
715 489 853 551 Pindaro
884 489 1076 562 tribuerunt,
1111 488 1173 551 hoc
1205 491 1325 552 dixisse

208 592 361 654 censendi
384 600 465 666 sunt,
489 590 662 653 dialectum
685 610 748 670 qua
769 591 882 665 utitis,
905 589 1055 670 singulari
1078 592 1221 670 quodam
1243 599 1325 653 tem·

208 702 397 774 peramento
423 714 526 774 paene
557 713 600 754 ex
626 691 775 754 omnibus
803 690 944 754 dialectis
975 692 1102 754 mistam
1124 692 1249 754 videri.
1269 738 1325 757 ...

208 795 467 857 Fundamentum
489 795 580 857 huius
604 787 730 856 dialecti
753 802 810 861 est,
824 793 931 873 lingua
949 795 1046 874 epica,
1069 795 1160 856 sede
1176 793 1324 873 Dorica⁶)

200 896 345 958 'dialecto
371 906 495 958 tantum
528 896 640 957 ascivit
668 895 822 955 Pindarus
855 903 1010 973 quantum
1041 904 1074 958 et
1105 895 1147 956 ad
1177 895 1325 956 dictionis

206 979 412 1080 splendorem
444 1007 476 1059 et
502 998 544 1059 ad
577 1017 780 1058 numerorum
809 999 1074 1058 commoditatem
1103 997 1253 1058 idoneum
1281 999 1325 1058 vi·

207 1101 349 1174 deretur,
377 1097 546 1180 repudians
573 1098 638 1173 illa,
674 1105 832 1178 quaeant
854 1098 1010 1160 interioris
1042 1107 1149 1160 essent
1177 1109 1232 1160 aut
1259 1097 1323 1160 vul·

208 1203 375 1282 garis‘aut
404 1202 498 1262 certis
529 1202 559 1262 in
585 1199 662 1261 locis
689 1201 795 1262 usitati
819 1199 969 1262 Dorismi.
1016 1197 1085 1261 Nec
1114 1201 1234 1280 primus
1265 1200 1327 1261 hoc

207 1302 282 1366 fecit
305 1303 468 1380 Pindarus,
492 1303 550 1364 sed
573 1310 700 1364 secutus
722 1301 812 1376 alios
835 1304 905 1382 ipse
926 1319 1056 1382 quoque
1073 1309 1149 1382 post
1165 1303 1197 1362 in
1216 1321 1326 1364 exem-

207 1405 268 1486 plis
291 1404 428 1466 habitus.

293 1505 463 1568 Pindarum
487 1515 594 1568 autern
618 1507 742 1587 epicam
766 1505 904 1586 linguam
922 1505 1081 1568 Dorismis
1100 1516 1132 1566 et
1149 1504 1326 1568 Aeolismis

207 1616 409 1689 temperasse
439 1616 531 1670 certo
558 1616 695 1669 testatur
721 1607 909 1668 Eustathius
935 1609 977 1669 ad
1002 1607 1065 1670 Od.
1098 1622 1185 1686 1702,
1216 1631 1250 1684 3:
1280 1601 1328 1682 ὡς

216 1708 254 1774 δὲ
286 1707 318 1773 οἱ
352 1711 492 1792 Δωριεῖς
525 1705 660 1792 ἔχαιρον
691 1709 746 1772 καὶ
782 1707 999 1790 αἰολίζοντες,
1035 1709 1131 1793 δηλοῖ
1158 1709 1329 1790 Πίνδαρος

213 1805 333 1894 ἀναμὶξ
348 1803 440 1876 οὕτω
458 1815 570 1874 ποιῶν
590 1804 667 1894 ἤτοι
685 1807 742 1874 καὶ
751 1811 911 1892 Δωρικῶς
928 1805 1069 1895 γράφων
1086 1811 1141 1874 καὶ
1159 1809 1327 1882 Atellania

206 1922 240 1974 et
263 1913 293 1973 in
315 1914 485 1994 prooemio
508 1921 695 1974 commentt.
718 1912 806 1974 Pind.
824 1929 908 1992 par
932 1914 981 1976 ed.
1005 1911 1108 1975 Tasel:
1132 1911 1267 1994 αἰολίςει
1290 1911 1326 1976 δὲ

209 2012 375 2079 τὰπολλὰ
404 2013 433 2078 εἰ
461 2015 516 2078 καὶ
542 2011 585 2098 μὴ
614 2009 734 2099 ἀτριβῆ
762 2015 880 2078 δίεισιν
902 2013 1047 2080 Αἰολίδα
1067 2009 1232 2078 καὶκατὰ
1255 2013 1326 2077 Δω-

206 2129 289 2199 ριεῖς
319 2113 435 2199 φράζει
472 2115 500 2180 εἰ
540 2117 595 2180 καὶ
631 2119 692 2200 τῆς
728 2116 949 2198 σκληροτέρας
979 2115 1132 2200 Δωρίδος
1161 2110 1325 2197 ἀπέχεται.

209 2217 301 2298 Quae
324 2219 454 2297 quidem
480 2217 582 2278 verba
612 2217 643 2277 in
672 2225 853 2278 ceterorum
881 2233 1011 2297 quoque
1033 2216 1235 2280 choricorum
1253 2217 1323 2277 dia·

208 2318 329 2380 lectum
352 2321 476 2399 optime
498 2321 655 2398 quadrare
678 2303 754 2378 mihi
776 2319 928 2398 persuasi.

682 2689 806 2772 Caput
828 2693 851 2756 1.

259 2832 314 2890 De
337 2832 484 2907 formis,
508 2829 666 2905 quaeat
684 2834 851 2890 aeolicae
875 2837 912 2890 et
935 2834 1088 2891 doricae
1111 2833 1273 2892 dialecto

238 2925 240 2930 ’
609 2939 771 3008 possunt
794 2935 920 2992 tribui.

734 3067 802 3147 οἳ.
901 3075 904 3080 ’

262 3253 264 3261 y
551 3178 553 3182 ¹
610 3188 651 3235 De
669 3187 799 3258 vocalibus
818 3193 836 3237 ᾶ
856 3191 920 3252 εἴη.

294 3285 344 3347 Eo
366 3289 583 3367 potissimum,
614 3288 703 3368 quod
729 3287 849 3348 vocalis
873 3311 893 3350 α
916 3287 1013 3367 longa
1036 3307 1079 3348 ex
1100 3287 1322 3350 vetustissimis

206 3389 634 3471 temporibus-retinebatur,
658 3389 812 3452 dialectos
831 3389 952 3454 aeolica
970 3392 1142 3478 doricaque
1159 3391 1201 3452 ab
1219 3392 1323 3452 ionica

209 3502 241 3555 et
264 3493 362 3556 attica
385 3492 561 3554 discedunt.
603 3489 677 3576 Quo
697 3492 826 3572 quidem
846 3491 1056 3556 dialectorum
1078 3500 1190 3574 aperto
1214 3491 1323 3552 discri-

206 3597 294 3657 mine
320 3594 403 3658 bene
431 3593 604 3666 observato
632 3593 750 3656 chorici
777 3600 906 3674 poetae,
941 3586 1071 3656 'etiamsi
1099 3591 1226 3656 dialecti
1255 3591 1321 3652 fun·

206 3697 361 3760 damento
389 3699 436 3758 usi
464 3705 537 3758 sunt
564 3697 671 3776 lingua
701 3696 803 3776 epica,
835 3687 943 3758 tamen
969 3694 1050 3756 hanc
1080 3693 1226 3756 vocalem
1249 3699 1269 3758 ᾱ
1292 3695 1323 3754 in

208 3800 347 3862 carmina
375 3808 595 3878 susceperunt,
630 3798 789 3876 siquidem
819 3795 954 3875 formae,
985 3816 1067 3876 quae
1096 3796 1322 3869 ciservabant,

208 3901 311 3962 multo
330 3903 433 3981 magis
450 3900 595 3981 dignitati
606 3900 819 3979 gravitatique
832 3899 950 3978 lyricae
959 3899 1065 3979 po'esis
1082 3898 1321 3961 conveniebant.

204 4003 256 4069 Ea
278 4005 347 4087 ipsa
370 4023 404 4064 re
426 4001 544 4064 chorici
566 4003 708 4064 maxime
730 4001 811 4062 inter
834 4021 869 4068 se
891 4002 1077 4081 conspirant
1099 4001 1224 4086 sibique
1247 4021 1322 4063 con·

213 4153 215 4160 ¹
276 4171 297 4235 ⁶)
316 4173 405 4224 Adde:
424 4178 450 4221 et
467 4173 582 4224 Aeolica.

1302 4211 1308 4222 .
