3042 4804
618 268 825 334 -55-·

161 445 196 490 11
224 421 503 510 ἀφθέγκτοισινί
505 441 574 502 σον
602 439 646 503 13,
664 442 675 486 1
702 429 884 490 θνατοῖσιν
902 419 1025 508 εἰρήνα,
1052 439 1100 502 13,
1109 428 1284 502 ,3-θεοῖσιν

159 528 331 607 αἴθεσθαι,
358 545 396 608 19
418 529 593 646 βροτοῖσιν
616 525 723 606 ἐστίν,
747 543 782 588 21
810 518 960 590 ἄλλοισιν
979 518 1112 600 ἄλλους,
1142 527 1181 588 28
1195 529 1282 592 Βοι·

157 627 352 696 (μείωσιν)
340 651 376 694 εν
401 622 579 710 σκύφοισιν
606 622 712 704 οἰνος,
744 643 784 706 30
816 626 975 692 δειλοῖσιν
1001 620 1209 709 atmodum»,
1239 644 1277 706 41

154 727 505 816 χαίκσὺαιὺιίίοισιν
493 753 529 795 εν
556 726 677 794 ἀσπίσι.
723 729 886 794 Timocr
915 747 932 809 3
962 723 1130 795 Mr'6orow
1160 725 1281 812 atoma

157 831 264 919 τόμει
309 834 417 969 Biag.
442 831 460 895 1
483 835 656 916 βροτοῖσιν
678 830 898 898 ἐκτείεῖται..

295 1109 335 1156 De
353 1107 526 1172 metaplasmis
545 1111 569 1154 et
587 1121 687 1154 casuum
671 985 801 1154 Ssuffixis
820 1105 898 1170 epicis
917 1121 984 1168 -φι
1003 1111 1027 1153 et
1046 1104 1142 1157 -θεν,
1228 1097 1231 1102 ’

242 1205 528 1286 Ιὸἰαιοοίάεεβ
502 1207 641 1286 ν(37)(.
665 1203 681 1270 6
706 1201 842 1328 θάμβος
860 1226 919 1288 pro
942 1203 983 1272 τὸ
1006 1203 1137 1288 θάμβος
1160 1205 1281 1269 dixisse

155 1211 307 1393 perhibet
309 1332 360 1386 ur3
379 1309 450 1372 vice
466 1329 559 1372 versa
572 1303 761 1370 Pindarus<
745 1333 763 1374 ο
783 1305 905 1384 σκότος
922 1309 954 1370 in
971 1307 1133 1370 tertiamt
1120 1307 1280 1371 transtulit

157 1413 307 1476 declinat
285 1421 420 1476 t:ronem
444 1410 610 1490 frr.18‚5;
637 1427 731 1490 119,3
757 1405 870 1480 σκότει
893 1410 989 1490 (dat.)

242 1515 280 1580 In
308 1513 386 1578 Sim.
421 1527 460 1594 54
488 1508 608 1596 ιιρινός
634 1512 774 1594 genetivi
796 1511 868 1574 loco
891 1509 1044 1592 fungitur,
1074 1515 1161 1575 cuius
1192 1534 1278 1578 nom

157 1627 206 1682 est
229 1615 327 1698 vulgo
349 1629 476 1710 νιρῖνος,
500 1615 552 1677 hic
573 1623 628 1679 aut
630 1635 690 1690 em,
713 1623 748 1676 ut
735 1615 909 1690 tvidetur,
932 1612 1025 1698 ιιρίς
1047 1613 1098 1676 vel
1120 1613 1215 1698 ιιρίν
1228 1616 1278 1691 34);

156 1721 255 1782 critici
278 1740 356 1782 vero
379 1717 522 1800 plerique
541 1716 685 1784 Lobecki
709 1715 820 1796 (Paral
843 1719 896 1797 72)
922 1725 993 1778 sent
995 1717 1111 1781 entiam
1135 1718 1279 1799 amplexi

157 1829 368 1884 correxerunt
390 1821 523 1903 πρίνου,
546 1839 609 1898 qua
632 1827 813 1881 correctura
835 1817 921 1882 haud
944 1821 1011 1882 scio
1033 1840 1110 1884 num
1129 1822 1172 1884 sit
1187 1841 1278 1902 opus

206 1923 296 1988 Ex
318 1923 369 1988 lb.
388 1935 424 2001 55
450 1921 579 1984 affertur
597 1921 661 1982 dat.
640 1921 799 2003 txtayyt
816 1922 902 2000 (ast.
921 1919 1048 2005 κλαγγ)
1071 1943 1131 2004 pro
1154 1927 1279 2010 κλαγγέ

155 2034 223 2088 rect
225 2046 308 2106 eque
336 2027 400 2089 iam
431 2023 472 2086 ab
495 2022 681 2086 Herodiano
715 2042 788 2083 cum
814 2020 985 2086 homericis
1013 2017 1088 2088 ι’ίκί
1111 2032 1143 2086 et
1166 2021 1278 2108 ὑσμῖνι

155 2135 369 2208 comparatur.
698 2183 699 2191 ,
716 2187 718 2190 .

242 2227 426 2310 Metaplast
419 2229 457 2289 rci
479 2247 543 2290 acc.
566 2247 613 2307 sg
638 2235 808 2290 occurrunt
795 2226 874 2290 thi:
895 2226 942 2289 lb
967 2245 1009 2306 49
1032 2223 1194 2313 ἁλίτροχα
1216 2249 1276 2310 pro

155 2326 351 2414 ὑίίτροχον,
383 2329 420 2392 cl.
443 2329 643 2392 Pindaricum
675 2325 866 2424 διθύραμβοι
898 2351 958 2412 pro
995 2327 1266 2428 ὑιβύριιμβονν
1233 2335 1275 2412 (v

154 2434 258 2496 Lentz
289 2433 412 2495 Herod
442 2432 478 2512 ΙΙ,
508 2432 579 2506 626,
609 2435 672 2508 40).
722 2431 810 2494 Pind.
842 2431 876 2493 fr
910 2449 968 2556 321
1002 2431 1190 2519 ὑψικέρατα
1222 2436 1274 2514 (sc.

153 2536 295 2659 ιιέτρρν)
321 2556 340 2597 a
366 2555 452 2596 nom.
477 2529 680 2616 ὑψικέρατος
708 2553 768 2614 pro
798 2529 968 2614 vulgari
951 2536 1119 2620 υψικέροις
1146 2535 1274 2614 (0(1κ,

157 2641 216 2718 158
239 2633 412 2721 ὑψικέραν
435 2633 581 2718 έίαφον).
628 2637 663 2699 In
682 2634 797 2698 Bacch.
818 2649 852 2715 51
879 2637 1113 2722 νινργοκέρατα
1131 2640 1273 2714 traditur,

152 2761 212 2820 pro
241 2759 306 2820 quo
328 2739 437 2818 Bergk
467 2738 581 2800 collato
604 2739 660 2802 illo
684 2737 849 2800 Pindarico
872 2743 1019 2820 speciose
1040 2738 1175 2824 πύργον
1197 2737 1274 2824 ὑψι-

152 2841 277 2925 κέρατα
299 2842 433 2923 scripsit.
479 2839 541 2922 Qui
564 2839 795 2922 metaplasmus
818 2861 914 2921 quem
936 2841 1072 2906 Lobeck
1093 2844 1135 2906 ad
1157 2842 1274 2924 Phryn.

152 2945 214 3024 658
238 2953 336 3024 negat
358 2943 449 3005 facile
476 2943 667 3023 explanatur
682 2945 791 3024 ¹stirpe
821 2967 935 3028 κερατ,
967 2965 1049 3026 quae
1078 2949 1273 3028 conspicitur
1376 2957 1378 2960 '

151 3047 181 3108 in
204 3046 306 3109 subst.
330 3066 402 3126 gen.
428 3053 461 3108 et
483 3047 546 3106 dat.
569 3045 731 3129 κέρατ-ος,
754 3045 891 3130 κέραι-ι,

237 3150 273 3211 In
295 3147 384 3210 Pind.
409 3146 448 3210 O.
473 3147 514 3222 V,
542 3163 579 3226 23
607 3149 796 3229 proponitur
825 3166 889 3210 acc.
920 3143 1069 3231 ὑγίεντα,
1101 3171 1197 3231 quem
1229 3173 1275 3216 ex¹

150 3252 279 3314 Pindari
301 3251 403 3332 patria
426 3249 563 3312 dialecto
587 3251 744 3330 originem
767 3251 885 3314 ducere
907 3259 996 3332 puto,
1034 3253 1163 3334 Nempe
1185 3257 1271 3336 apud

149 3355 296 3418 Boeotos
341 3351 385 3414 ob
425 3361 566 3416 mutatos
606 3352 647 3414 ab
690 3352 735 3414 eis
780 3373 878 3416 sonos
917 3356 1132 3419 nominativus
1178 3357 1270 3420 huius

149 3459 209 3519 adi.
242 3453 347 3540 ὑγίεις
377 3474 447 3516 esse
473 3454 608 3516 deberet
633 3455 773 3535 ideoque
801 3455 1014 3519 nominativos
1044 3458 1115 3520 adii.
1135 3459 1272 3542 χαρίεις,

148 3556 297 3646 φωνήεις
326 3576 456 3640 prorsus
484 3565 653 3637 aequaret,
683 3556 774 3619 facile
803 3557 870 3620 fieri
886 3561 1016 3640 potuit,
1047 3568 1082 3622 ut
1108 3560 1270 3622 interdum

147 3681 240 3744 casus
264 3659 384 3739 obliqui
407 3678 535 3738 quoque
550 3657 816 3724 confunderentur
834 3669 867 3724 et
884 3664 926 3724 ad
941 3660 1181 3737 similitudinem
1203 3683 1270 3727 acc.

143 3764 304 3848 χαρίεντα
323 3769 382 3824 etc.
402 3762 598 3824 accusativus
620 3758 756 3845 ὑγίεντα
778 3763 979 3826 formaretur.

235 3862 330 3926 Alius
358 3861 495 3942 denique
527 3863 766 3944 metaplasticus
798 3885 862 3928 acc.
895 3885 942 3946 sg.
968 3865 1071 3954 έέλδοο
1100 3867 1132 3928 in
1157 3867 1203 3930 lb.
1230 3869 1268 3931 18

147 3999 350 4015 ......--—-·-

216 4085 249 4146 34)
269 4085 428 4136 Contrarium
447 4086 639 4149 metaplasmum
657 4085 738 4140 θιναί
756 4103 802 4152 pro
821 4088 1055 4152 θῖνεςΗεεγιΙιίιιε
1073 4087 1171 4152 (θιναί
1190 4085 1267 4156 ψάμ

146 4169 204 4222 μοι·
231 4149 338 4221 ὑψηλοῖο)
363 4149 481 4204 τόποιί.
503 4167 522 4201 e
543 4169 633 4202 arenae
657 4154 760 4218 cumuli)
787 4157 910 4222 servavit,
938 4173 1012 4222 quern
1036 4158 1129 4221 pariter
1156 4157 1271 4208 Dindo'rf

146 4237 284 4287 eumque
272 4227 370 4272 secutus
389 4220 529 4270 Schmidt
523 4237 549 4270 (ῃ
568 4221 650 4284 θῖνες
668 4228 801 4272 mutarunt.
