3042 4804
610 267 824 344 ..65-

154 437 271 519 plinae,
303 438 401 499 etiarn
424 436 485 498 hac
507 437 538 497 in
561 456 596 498 re
623 435 748 498 illorum
770 445 943 517 praecepta
969 455 1161 516 oppugnans
1188 456 1280 498 suam

155 539 240 602 illam
261 539 453 601 contrariam
473 540 659 619 opinionem
675 539 885 619 proposuisse
904 538 979 599 mihi
1002 539 1136 602 videtur.
1171 538 1280 620 Quam

156 644 196 704 ad
219 641 473 703 controversiam
488 640 637 703 Eustathi
656 639 707 702 illa
721 641 823 702 verba
840 643 873 702 in
895 640 958 703 fine
981 639 1088 702 allata:
1111 635 1198 704 αὐτὰ
1216 639 1281 724 γὰρ

157 739 196 810 οὗ
214 741 373 829 Ῥηγίνων
396 741 466 816 εἰσί,
490 736 573 806 ἀλλὰ
594 737 720 806 Ἰώνων
745 743 904 823 respicere
926 742 1190 805 verisimillimum
1221 751 1279 804 est.

156 844 354 910 Aristarchei
365 844 462 925 igitur
480 862 539 922 a3.
555 845 635 905 coni.
651 843 762 906 aor.II.
780 840 908 926 λάβῃσι,
926 840 1062 928 λάχῃσιν
1080 843 1278 922 (uEustath.

156 950 185 1010 in
207 948 291 1028 fine),
313 955 396 1028 q'uae
419 944 542 1007 formae
564 944 649 1007 nullo
672 947 773 1008 modo
796 966 856 1026 pro
879 948 1058 1009 indicativis
1079 948 1180 1027 accipi
1202 966 1277 1027 pos-

156 1059 238 1125 sunt,
265 1050 429 1130 progressi
457 1057 546 1110 recta
571 1048 811 1111 ratiocinatione
838 1051 936 1110 etiam
958 1052 1135 1130 praesentis
1158 1047 1279 1110 formas

154 1152 393 1236 παμφαίνῃσιν,
415 1148 505 1233 ἔχῃσι
524 1158 556 1212 et
577 1153 767 1213 Homericas
791 1161 824 1212 et
845 1151 981 1231 lbyceas
1005 1153 1044 1232 (v.
1063 1150 1160 1214 schol.
1184 1152 1225 1212 ad
1244 1150 1278 1214 ll.

154 1257 243 1330 1236)
273 1255 493 1315 coniunctivos
521 1273 592 1315 esse
619 1261 799 1315 statuerunt
829 1263 926 1334 atque
957 1254 1109 1334 quoniam
1138 1255 1278 1335 primum

155 1357 345 1437 saepiusque
364 1355 395 1415 in
413 1355 505 1436 epica
524 1355 631 1436 lingua
653 1364 832 1431 occurrunt,
854 1357 978 1418 ionicae
1001 1355 1138 1418 dialecto
1161 1354 1277 1436 ascrip-

154 1466 270 1522 serunt.
331 1456 519 1520 Heraclides
554 1477 631 1519 vero
672 1459 804 1538 eiusque
837 1466 925 1520 secta
955 1493 998 1503 —
1032 1459 1065 1519 id
1106 1457 1194 1538 quod
1235 1477 1279 1519 ex

152 1559 302 1622 Eustathi
325 1557 503 1640 clariusque
526 1579 569 1621 ex
587 1560 696 1640 Etym.
715 1561 759 1622 M.
782 1560 890 1622 verbis
909 1554 1011 1622 elucet
1028 1595 1071 1605 -
1089 1559 1131 1620 ab
1150 1559 1278 1639 Ibyceis

153 1662 264 1725 formis
282 1657 390 1746 νόῃσι,
412 1663 524 1746 φίλῃσι
542 1661 714 1725 verborum
732 1683 886 1744 purorum
904 1662 1001 1738 νοέω,
1020 1663 1124 1742 φιλέω
1143 1661 1278 1744 profecti

153 1769 195 1827 de
204 1764 438 1843 barytonorum
454 1764 628 1826 verborum
647 1763 839 1827 formatione
849 1761 946 1846 ἔχῃσι,
964 1764 1174 1849 ἐγείρῃσιεῒε.
1191 1765 1278 1826 idem

152 1867 293 1929 tulerunt
315 1866 465 1928 iudicium
489 1866 639 1927 omnibus
661 1865 710 1928 his
734 1865 845 1927 formis
867 1867 962 1928 variis
985 1867 1209 1946 Rheginorum
1231 1875 1278 1928 at·

152 1968 280 2030 tributis
302 1969 452 2029 sermoni.

158 2096 164 2106 ·
238 2069 355 2150 Neque
377 2078 486 2131 tamen
509 2069 636 2132 illarum
659 2069 834 2132 formarum
856 2069 937 2132 ullas
960 2069 1116 2150 Rheginis
1145 2068 1207 2131 ulla
1229 2091 1277 2132 ra·

151 2175 239 2234 tione
262 2171 377 2233 ascribi
395 2192 494 2252 posse
517 2171 654 2234 dilucide
675 2171 854 2253 probarunt
875 2170 1006 2235 Ahrens
1029 2172 1065 2246 ll,
1089 2187 1150 2251 302
1174 2192 1221 2252 sq.
1245 2180 1277 2233 et

152 2273 280 2336 Curtius
303 2271 405 2336 Verb.
427 2274 451 2352 Ι,
476 2276 514 2353 58
537 2294 584 2355 sq.
631 2274 762 2337 Etenim
785 2277 871 2356 apud
889 2275 1003 2350 Dores,
1027 2295 1166 2355 quorum
1189 2282 1276 2336 certe

151 2385 228 2438 sunt
249 2374 398 2455 Rhegini,
420 2396 530 2438 earum
552 2379 736 2439 terminatio
760 2379 829 2438 sine
852 2377 951 2439 dubio
974 2379 1005 2439 in
1024 2399 1101 2442 -τι
1124 2397 1183 2458 pro
1202 2393 1278 2441 -σι

151 2480 242 2540 exire
261 2477 412 2540 debebat.
448 2478 532 2540 Tum
551 2479 721 2558 productio
741 2478 934 2560 diphthongi
950 2483 975 2549 ᾗ
993 2480 1035 2541 ad
1053 2483 1082 2563 ᾗ]
1105 2480 1136 2539 in
1160 2479 1276 2540 indica-

149 2581 209 2642 tivi
219 2601 249 2661 p.
260 2597 287 2659 3.
301 2600 348 2660 sg.
368 2580 516 2641 omnibus
535 2580 662 2660 linguae
680 2600 817 2660 graecae
836 2581 962 2660 legibus
977 2589 1144 2660 repugnat.
1172 2579 1276 2640 Immo

150 2683 264 2744 dorica
280 2681 434 2744 dialectus
453 2683 504 2744 vel
519 2683 550 2743 in
568 2683 842 2744 coniunctivorum
857 2703 888 2763 p.
900 2699 927 2761 3.
937 2701 984 2762 sg.
1002 2691 1089 2743 amat
1104 2679 1276 2744 clausulam

148 2789 179 2869 ᾖ
210 2787 241 2846 in
272 2789 298 2854 ᾗ
329 2792 511 2859 attenuare;
543 2783 580 2848 cf.
612 2783 693 2848 Ahr.
726 2785 762 2858 ll,
795 2801 858 2864 294
865 2810 873 2866 ῃ
906 2782 993 2847 Curt.
1030 2783 1129 2848 Verb.
1158 2785 1195 2859 ΙΙ,
1226 2799 1275 2864 74.

147 2887 302 2966 Denique
332 2888 394 2948 iam
422 2888 578 2967 principio
606 2895 655 2948 est
678 2887 857 2949 Heraclidis
885 2887 994 2968 opinio
1023 2889 1158 2963 caduca,
1188 2889 1276 2967 quod

149 2988 334 3050 Homerum
358 2986 586 3050 formationem
607 2991 837 3072 παμφαίνῃσιν
860 3009 904 3051 ex
921 2989 1145 3068 Rheginorum
1168 2990 1276 3068 lingua

148 3093 320 3172 repetiisse
343 3091 472 3164 iudicat;
495 3091 580 3153 nulla
602 3111 680 3153 vero
703 3093 745 3152 de
763 3111 859 3152 causa
877 3089 1039 3170 Rheginas
1062 3091 1132 3152 illas
1156 3089 1276 3152 formas

150 3213 225 3255 esse
247 3201 334 3255 ratus
357 3201 407 3254 est
425 3193 484 3253 nisi
507 3195 595 3273 quod
618 3190 705 3273 apud
727 3191 863 3272 Ibycum
886 3191 1071 3272 Rheginum
1093 3192 1242 3274 repperit.

238 3293 285 3358 Ut
306 3315 385 3356 vero
407 3294 490 3356 hanc
507 3303 613 3357 totam
634 3297 675 3356 de
693 3303 761 3356 tam
780 3293 906 3356 famoso
927 3303 1060 3375 tamque
1078 3291 1177 3375 saepe
1195 3303 1275 3355 trac-

149 3406 221 3459 tato
252 3394 417 3458 schemate
447 3397 569 3476 Ibyceo
601 3399 826 3478 quaestionem
862 3417 1019 3478 prospere
1054 3397 1274 3477 expediamus

150 3500 238 3562 idem
262 3500 350 3579 quod
374 3496 448 3561 secit
467 3499 656 3562 Heraclides
674 3499 769 3562 nobis
789 3497 971 3561 laciendum
993 3508 1049 3573 est,
1072 3506 1108 3560 ut
1127 3518 1146 3559 a
1165 3495 1274 3560 formis

150 3603 264 3684 φίλῃσι
287 3609 319 3662 et
342 3594 437 3684 νόῃσι
459 3603 683 3682 procedamus

236 3703 377 3765 Formae
399 3704 511 3788 φίλῃσι
534 3712 566 3766 et
587 3700 693 3789 νόῃσι,
721 3725 801 3785 quas
824 3705 959 3785 Ibycum
978 3723 1151 3784 usurpasse
1175 3703 1273 3764 Hera·

150 3805 251 3868 clides
269 3813 414 3885 testatur,
437 3827 471 3867 re
485 3825 563 3868 vera
585 3815 658 3868 sunt
676 3807 837 3869 indicativi
856 3809 897 3868 ad
913 3806 1056 3886 regulam
1080 3805 1209 3868 deducti
1232 3804 1273 3866 ab

151 3907 281 3969 aeolicis
307 3907 415 3968 verbis
445 3904 544 3993 νόῃμι
574 3917 608 3971 et
633 3910 758 3994 φίλῃμι.
805 3909 933 3990 Nempe
960 3909 1092 3970 tametsi
1120 3906 1274 3968 dialectus

151 4008 271 4072 Lesbia
300 4009 331 4069 in
357 4030 419 4071 una
445 4019 569 4073 tantum
597 4011 703 4073 adhuc
733 4011 849 4073 horum
880 4010 1053 4073 verborum
1084 4008 1188 4071 forma
1220 4003 1273 4094 ἠσί

152 4109 284 4194 (Sapph.
307 4114 362 4191 97)
383 4114 643 4174 terminationem
661 4130 737 4176 -σι
760 4112 910 4186 ostendit,
933 4113 964 4172 in
988 4111 1096 4191 lingua
1120 4112 1210 4191 epica
1231 4147 1274 4157 —

151 4233 192 4275 ne
213 4215 319 4275 dicam
343 4214 384 4274 de
406 4214 516 4288 attica,
546 4233 627 4293 quae
649 4213 732 4276 hanc
755 4214 797 4275 ad
819 4233 888 4276 rem
912 4233 976 4275 non
998 4213 1086 4278 valet
1109 4247 1149 4257 ——
1174 4214 1274 4276 verba

1069 4329 1082 4382 5
