3042 4804
709 303 913 380 „36..

255 493 375 536 vocare
397 473 502 553 potuit
524 472 760 552 grammaticus,
783 491 826 534 ex
844 471 986 534 omnium
1008 470 1162 534 librorum
1185 474 1374 536 auctoritate

256 574 550 658 κυανοπρῳρείους
563 571 687 654 legitur,
706 593 778 635 cum
797 582 963 653 praeterea
980 575 1207 638 tantummodo
1223 575 1374 638 obveniat

256 679 425 757 genetivus
451 669 714 758 κυανοπρῴροιο
737 673 924 736 nominativi
946 667 1197 758 κοανόπρῳρος.
1239 675 1288 738 At
1315 677 1375 738 adi.

256 799 495 862 -προιειρειος
523 775 573 838 vel
601 785 701 838 contr.
724 799 932 860 -πρῳρειος
960 776 1004 838 ob
1035 776 1227 840 insolentem
1256 776 1374 840 sorma-

256 883 377 944 tionem
410 899 555 942 summae
585 887 634 941 est
665 877 845 954 offensioni,
883 897 946 958 qua
976 879 1017 942 de
1047 897 1142 942 causa
1174 879 1238 942 iarn
1270 877 1376 942 Cobet

257 985 372 1060 (oratio
400 1002 427 1044 a.
461 984 539 1060 1847
563 1001 598 1062 .p.
630 983 699 1061 130)
732 1001 774 1042 ex
805 979 981 1042 Herodiani
1012 981 1199 1042 testimonio
1229 981 1375 1045 Homero

256 1085 397 1148 reddidit
425 1081 563 1144 formam
592 1082 886 1165 κυανοπρωεὶρονς
912 1101 1048 1161 eamque
1078 1101 1139 1144 suo
1166 1083 1240 1146 iure.
1285 1084 1376 1148 Tunc

257 1190 365 1252 omnia
395 1187 524 1266 liquent.
569 1185 732 1248 Homerus
760 1183 912 1246 adieetivi
934 1182 1208 1269 κοανοπροόειρος
1230 1186 1376 1250 exhibuit

257 1289 358 1354 semel
389 1287 525 1350 sormam
560 1287 698 1353 solutam
730 1286 1041 1370 κνανοπραιείροος,
1072 1288 1147 1350 alias
1178 1297 1375 1352 contractam

257 1386 530 1474 κοανοπρῴροιο;
553 1387 737 1451 Simonides
757 1395 866 1450 autem
885 1387 913 1450 ei
935 1387 997 1449 tria
1018 1388 1130 1452 tribuit
1151 1409 1280 1470 genera,
1304 1411 1375 1454 cum

258 1514 323 1558 acc.
351 1512 399 1572 sg.
428 1491 501 1555 fem.
524 1490 801 1576 κυανοπροιεὶραν
823 1497 968 1570 poneret.
1015 1489 1113 1572 Quod
1141 1491 1289 1554 choricos
1312 1513 1375 1555 sae·

257 1598 328 1678 pius
348 1594 461 1658 secisse
479 1594 556 1656 satis
575 1594 693 1656 docent
708 1589 858 1672 exempla
873 1591 1050 1654 Pindarica:
1068 1589 1249 1672 πολύξεναι
1258 1593 1305 1671 (ir.
1317 1597 1378 1675 99),

259 1696 408 1766 ἱπποσόα
431 1694 479 1773 (O.
502 1696 559 1771 III,
582 1698 644 1772 26),
670 1695 870 1761 νεοκτίσταν
895 1695 947 1772 (N.
970 1694 1024 1768 IX,
1048 1698 1079 1772 2)
1101 1696 1139 1758 al.
1161 1716 1189 1761 v.
1212 1697 1307 1760 Peter
1328 1699 1377 1774 46.

259 1802 493 1866 Verumtamen
517 1797 560 1859 ob
583 1795 783 1862 Simonidem
809 1796 896 1876 apud
915 1795 1096 1860 Homerum
1115 1818 1243 1878 quoque
1260 1798 1376 1862 Ebelio

259 1912 390 1966 auctore
413 1899 687 1982 κοανοπροιείρας
706 1898 803 1961 edere
826 1895 939 1960 salsum
963 1917 1035 1960 esse
1057 1900 1217 1962 existimo.
1252 1900 1377 1982 Quibus

259 2027 301 2069 ex
315 2004 411 2068 rebus
428 1999 551 2087 πρρόρα
573 2010 606 2064 et
629 1995 893 2082 κυανοπρώῑραν
909 2019 1011 2080 pravo
1029 2002 1121 2081 apice
1137 2005 1269 2078 exstrui,
1293 2011 1378 2066 recte

259 2128 338 2171 vero
361 2105 465 2168 solum
487 2103 631 2187 πρῳρᾶν
652 2104 710 2180 (sic
737 2101 851 2182 optimi
868 2101 967 2191 codd.
989 2101 1062 2166 Eur.
1085 2101 1140 2166 Or.
1166 2106 1237 2183 362,
1260 2104 1378 2168 Troad.

262 2227 330 2290 112,
352 2207 453 2288 Soph.
476 2208 512 2268 fr.
538 2206 613 2285 760)
639 2212 672 2266 et
694 2204 971 2285 κοανοπροιείραν
998 2203 1094 2268 scribi
1120 2209 1197 2280 satis
1220 2227 1379 2288 superque

260 2311 370 2374 elucet.

345 2409 435 2474 VIII.
481 2408 619 2470 Restant
648 2405 790 2486 singulae
817 2405 987 2468 nonnullae
1009 2425 1120 2482 voces,
1151 2429 1234 2488 quae
1259 2411 1379 2490 pariter

260 2535 298 2578 ac
326 2512 482 2594 plurImae
512 2509 576 2596 iarn
613 2511 833 2590 appositarum
868 2517 1001 2589 propter
1037 2509 1200 2586 pristinam
1241 2512 1379 2592 aliquam

260 2617 433 2697 spirantem
444 2621 559 2694 postea
578 2613 771 2673 exstinctam
788 2611 1042 2674 contractionem
1060 2611 1257 2693 plerumque,
1276 2633 1379 2694 neque

259 2737 338 2785 vero
361 2715 519 2795 synizesin
540 2712 691 2774 abnurmt.
731 2709 813 2774 Sunt
835 2713 936 2774 enim:

347 2813 435 2900 ἱερός
464 2813 541 2876 Sim.
575 2831 611 2876 12
639 2814 759 2888 (codd.;
784 2812 982 2876 Schneidew.
1006 2817 1086 2876 coni.
1110 2811 1202 2897 ἱρός).

346 2916 405 3001 ἔαρ
431 2916 547 2997 legitur
571 2935 643 2995 gen.
667 2895 768 2999 {apoc
794 2913 871 2978 Sim.
897 2930 950 2994 743
982 2917 1046 2982 dat,
1077 2913 1149 2999 inor
1180 2917 1312 2998 Ariphr.
1343 2917 1379 2981 cf·

260 3021 349 3084 Pind.
372 3018 406 3086 fr.
431 3029 518 3097 53‚15
543 3013 612 3098 ἔαρ,
635 3017 710 3096 ib.7
733 3016 976 3100 ἒαρὶδρεπτον;
994 3027 1028 3079 at
1046 3027 1230 3082 coartantur
1251 3019 1380 3082 vocales

261 3125 292 3185 in
317 3121 400 3189 Stes.
425 3119 459 3182 l'r.
486 3136 543 3198 33;
572 3135 613 3199 34
635 3107 728 3203 ἧροςς
759 3118 804 3180 lb.
831 3135 842 3180 1
870 3108 939 3203 ἧρις
969 3119 1058 3184 Pind.
1090 3119 1122 3181 P.
1144 3121 1202 3196 IV,
1224 3125 1267 3200 64
1285 3112 1381 3208 ἧρος;
1500 3147 1502 3186 ε

261 3224 317 3298 ΙΧ,
349 3225 392 3300 46
422 3215 548 3306 ἠρινόςς
578 3218 616 3283 cl.
643 3220 750 3282 Alcm.
779 3222 820 3300 76
848 3210 900 3306 ἦρ.
954 3219 1056 3302 Apud
1083 3221 1180 3287 Hom.
1212 3234 1382 3288 occurrunt

261 3326 386 3390 formae
407 3323 541 3398 solutae,
563 3331 728 3402 contracta
750 3325 889 3404 primum
912 3325 943 3386 in
966 3323 996 3386 h.
1022 3321 1091 3386 Cer.
1112 3338 1173 3404 455
1199 3314 1286 3410 ἦρος.

347 3420 473 3500 ἄεθλος
504 3424 635 3505 eiusque
665 3425 854 3506 composita.
912 3425 962 3488 Ea
994 3445 1062 3486 vox
1091 3427 1179 3507 apud
1209 3427 1381 3492 Pindarum
1500 3407 1501 3416 ἦ

262 3531 368 3606 (Peter
391 3531 443 3608 30)
461 3525 556 3588 valde
574 3527 691 3590 usitata
709 3547 870 3608 nunquam
888 3528 920 3589 in
939 3516 1047 3604 ἆθλος
1065 3525 1204 3608 confluit,
1222 3532 1383 3610 synizesin

263 3641 371 3698 autem
395 3628 481 3692 subit
504 3628 613 3691 octies
657 3629 695 3694 In
718 3629 765 3694 Ib.
789 3645 806 3690 2
831 3637 881 3692 est
903 3621 1126 3712 ἀεθλοφόρος.

349 3726 447 3798 ἀοιδά
466 3739 499 3792 et
522 3723 634 3796 ἀείδω.
671 3730 768 3812 Terp.
794 3743 822 3810 5,
846 3727 928 3796 Stes,
951 3748 995 3808 44
1017 3724 1130 3806 ἀοιδά;
1153 3731 1250 3815 Terp,
1275 3751 1294 3796 2
1318 3729 1383 3800 ἀει.

265 3837 365 3912 δέπαος
393 3832 471 3898 Sim.
500 3847 538 3914 53
570 3826 668 3898 ricton
721 3831 889 3896 Consentit
915 3831 1055 3899 Alcman
1078 3831 1198 3915 (Spiess
1221 3832 1315 3898 Stud.
1344 3837 1385 3912 X,

265 3957 281 4020 3
287 3939 351 4020 52);
373 3955 535 4015 nunquam
557 3934 713 3998 exhibent
735 3928 809 4018 ᾥδά
831 3943 864 3996 et
881 3927 964 4022 ᾆδοο.
998 3969 1001 3972 -

351 4034 460 4112 ἀέλιος
494 4045 539 4130 et¹
556 4027 659 4112 ἅλιος.
712 4035 866 4099 Formam
898 4030 1007 4112 ἀέλιος
1037 4036 1139 4101 habes
1169 4040 1201 4102 in
1231 4037 1312 4106 Sim.
1337 4052 1386 4128 57,

264 4144 379 4210 Bacch.
399 4158 426 4218 2,
450 4139 642 4220 saepiusque
659 4158 709 4219 ap.
726 4137 830 4216 Pind.;
847 4146 1046 4205 contractam
1062 4129 1156 4218 ἅλιος
1168 4140 1199 4201 in
1209 4138 1287 4204 Sim.
1298 4140 1334 4204 fr.
1344 4157 1385 4224 77

265 4257 297 4311 et
320 4252 472 4326 quattuor
497 4238 573 4302 locis
596 4240 782 4316 Piudaricis,
810 4240 864 4304 ubi
886 4241 918 4304 in
941 4234 1053 4343 {litos
1074 4242 1289 4305 diducendam
1313 4263 1387 4308 esse
