3042 4804
632 277 842 341 „73-

255 431 296 505 b.,
319 431 501 514 ἐρλοφηλος·
524 427 698 513 derobernie
716 435 749 511 (i)
767 431 802 493 ir.
822 433 872 494 82.
917 430 1084 511 Originem
1107 433 1193 494 ducit
1216 453 1234 493 a
1257 441 1295 496 st.

169 537 257 615 οφαλ
283 532 373 594 verbi
404 528 555 613 σφάλλω,
588 541 785 614 quapropter
819 533 957 595 fortasse
980 536 1095 600 rectius
1118 536 1203 614 apud
1224 532 1295 596 Ste-

169 637 333 699 sichorum
356 635 532 719 ἐρίσφαλος
554 634 709 699 scribitur.
754 634 924 697 Praeterea
942 634 1042 697 habes
1065 636 1205 716 simplex
1232 636 1292 698 adi.

169 733 275 824 φηλός
290 737 417 808 abiecta
429 735 534 798 littera
551 736 660 798 initiali
677 741 750 813 o(v.
770 735 972 818 CurtiusssEtf
992 739 1071 817 376).
1099 732 1294 822 Ἑρὶσφηλος

168 842 265 921 igitur
282 840 388 920 potius
414 832 590 925 ‘persallax'
615 857 713 918 quam
739 833 940 924 ‘pervalidus'
966 859 1036 901 esse
1059 837 1135 901 mihi
1158 839 1293 904 videtur.

253 959 292 1018 4.,
311 940 514 1002 Herodianus
530 938 634 1005 techn.
652 939 674 1014 l,
695 943 755 1019 508
774 939 876 1004 Lentz
895 942 1004 1002 docet:
1027 939 1069 1005 τὰ
1088 940 1134 1016 εἰς
1156 939 1292 1024 neutri·

169 1040 300 1130 ῥήματα
317 1043 355 1108 ἐκ
372 1046 587 1125 πλεονασμοῦ
605 1039 725 1124 ἔχειτὰ
744 1037 856 1112 {olon
875 1032 966 1116 αὖθι,
985 1032 1099 1119 addin,
1118 1034 1210 1106 οὕτω
1228 1041 1291 1126 γὰρ

169 1147 298 1230 λέγεται
320 1143 411 1227 παρὰ
430 1141 589 1228 Ῥηγίνοις
610 1167 692 1219 κτα.,
715 1165 811 1225 quem
830 1165 924 1207 usum
942 1146 985 1206 ad
1002 1144 1138 1224 Ibycum
1161 1146 1292 1225 quidem

168 1248 353 1328 Rheginum
381 1267 441 1308 nec
467 1255 576 1308 tamen
604 1248 645 1308 ad
673 1244 840 1326 Rheginos
870 1247 958 1328 ipsos
989 1246 1193 1308 referendum
1221 1265 1292 1308 esse

169 1351 256 1411 viros
287 1349 402 1410 doctos
429 1347 534 1409 adhuc
562 1347 688 1409 videtur
712 1345 840 1426 fugisse.
875 1348 990 1428 Neque
1013 1349 1097 1411 enim
1120 1351 1291 1428 quicquam

169 1451 270 1514 dorici
299 1452 382 1512 inest
411 1449 534 1511 formae
562 1439 674 1514 αὖθιν.
718 1449 854 1529 Ibycum
877 1449 973 1530 igitur
995 1452 1027 1512 in
1051 1451 1206 1512 adverbio
1229 1449 1291 1511 loci

150 1544 254 1622 ,αὖθι
281 1555 299 1617 i.
331 1571 357 1614 e.
378 1551 460 1613 illico
487 1560 562 1613 ante
590 1559 781 1632 sequentem
803 1550 950 1613 vocalem
973 1560 1008 1614 ut
1030 1551 1162 1626 hiatum,
1194 1571 1291 1632 quem

168 1662 331 1718 Homerus
364 1653 469 1716 littera
489 1656 513 1722 ἶ
532 1653 610 1715 elisa
640 1651 755 1715 tollere
785 1653 921 1729 solebat,
955 1655 1091 1716 evitaret
1122 1677 1143 1718 ο
1172 1653 1291 1734 ephelc.

169 1757 384 1836 assumpsisse
407 1764 499 1836 puto;
527 1755 671 1818 similiter
698 1764 833 1836 egerunt
859 1755 910 1817 alii
932 1763 1050 1837 po'e'tae
1067 1757 1099 1817 in
1121 1759 1215 1818 advv.
1238 1758 1292 1822 πέ-

119 1905 122 1911 1
171 1859 307 1942 ροσι(ν),
343 1859 469 1938 vobim),
504 1848 677 1938 odmundo)
703 1879 765 1919 una
792 1878 864 1919 cum
895 1847 1001 1922 αὖθιν
1034 1859 1077 1920 ab
1104 1858 1292 1922 Herodiano
1350 1893 1352 1896 v

173 1960 285 2023 allatis.

725 2078 773 2124 22.

409 2162 450 2213 De
468 2165 554 2214 formis
573 2061 702 2214 Simoni?
716 2166 913 2230 Bacchylidique
930 2165 1049 2230 propriis.

255 2265 349 2347 Quae
376 2267 498 2347 patriae
524 2268 649 2328 ionicae
677 2266 815 2328 dialecto
843 2275 933 2329 erant
961 2267 1136 2348 peculiares
1160 2267 1292 2359 formae,

169 2371 201 2431 in
233 2368 367 2430 choricis
398 2368 591 2430 carminibus
623 2366 806 2430 Simonides
838 2378 869 2432 et
896 2369 1107 2450 Bacchylides
1138 2375 1291 2454 (excepto

170 2477 206 2534 fr.
228 2474 282 2548 42)
304 2470 541 2532 aversabantur.
574 2470 690 2550 Neque
707 2472 738 2531 in
757 2469 904 2533 choricae
921 2473 1030 2552 po'esis
1049 2473 1187 2535 dialecto
1210 2483 1290 2536 tem·

170 2582 286 2656 perata
317 2572 425 2634 subtili
456 2572 599 2651 quodam
634 2570 711 2633 boni
747 2582 778 2634 et
816 2573 882 2653 apti
913 2574 1029 2635 iudicio
1060 2577 1290 2638 reconditiores

169 2675 297 2754 linguae
320 2677 457 2749 doricae,
481 2675 630 2747 aeolicae,
654 2674 765 2756 epicae
784 2673 904 2736 formas
923 2677 1113 2752 asciverunt,
1136 2679 1180 2739 ita
1203 2686 1237 2739 ut
1259 2679 1290 2741 in

168 2777 374 2857 Bacchylidis
404 2775 591 2856 fragmentis
620 2775 797 2837 formarum
818 2777 1051 2838 inusitatiorum
1073 2798 1114 2840 ne
1136 2801 1199 2842 una
1222 2782 1289 2860 qui-

169 2881 253 2953 dem,
271 2879 302 2938 in
322 2877 496 2941 Simonidis
519 2898 598 2939 vero
617 2877 756 2957 reliquiis
774 2887 901 2959 praeter
919 2879 1143 2959 imperativum
1162 2879 1289 2960 ἔλλαθι,

169 2985 210 3044 de
237 3001 302 3060 quo
328 3001 424 3061 supra
454 2983 677 3061 exposuimus,
707 2979 791 3042 nulla
817 2981 995 3060 reperiatur
1025 2983 1083 3042 nisi
1112 3003 1199 3044 nom.
1223 3004 1288 3049 acc.

167 3084 266 3146 subst.
286 3078 367 3164 πύϊρ
391 3081 438 3163 (f.
460 3087 517 3163 59),
539 3083 593 3162 qui
611 3091 778 3162 praeterea
796 3102 954 3162 nusquam
973 3085 1004 3144 in
1026 3083 1138 3145 litteris
1157 3083 1289 3147 Graecis

165 3193 314 3249 servatus
337 3185 569 3246 diversissimas
592 3183 834 3264 explanationes
857 3193 907 3246 est
929 3205 1110 3265 perpessus.

253 3285 327 3367 Qua
350 3285 452 3347 forma
469 3281 551 3368 πύϊο
570 3285 709 3347 funditus
728 3285 940 3348 labefactatur
959 3307 1070 3350 eorum
1093 3289 1212 3368 opini0‚
1236 3293 1289 3369 qui

167 3392 302 3471 stirpem
324 3389 392 3472 πῦρ
414 3389 446 3448 in
468 3388 594 3449 casibus
614 3387 753 3468 obliquis
769 3409 898 3470 semper
915 3398 1096 3470 correptam
1115 3391 1146 3450 in
1168 3394 1286 3455 nomin.

167 3503 200 3556 et
223 3511 326 3553 accus,
355 3509 402 3570 sg.
425 3490 560 3571 proinde
582 3498 680 3570 atque
706 3493 791 3571 apud
815 3491 947 3553 Atticos
971 3491 1197 3571 monosyllaba
1218 3497 1288 3557 πᾶν

169 3605 203 3658 et
224 3589 320 3667 πούς,
342 3612 425 3672 quae
447 3591 622 3653 Dorienses
644 3588 715 3656 πάν
738 3602 770 3654 et
792 3589 859 3668 πός
880 3593 969 3677 (Ahr.
991 3595 1028 3670 ll,
1056 3595 1125 3674 178)
1148 3615 1286 3676 pronun-

165 3697 303 3770 tiabant,
332 3715 403 3756 esse
432 3694 625 3775 productam
656 3695 744 3778 (πῦρ)
772 3703 894 3776 putant.
946 3695 1061 3776 Neque
1092 3717 1287 3777 quemquam

167 3799 369 3871 Herodian0,
401 3798 454 3876 qui
476 3791 559 3878 πύῖο
587 3793 684 3860 ἕνεκα
705 3797 830 3880 μέτρου
852 3797 889 3862 ἐκ
911 3801 979 3880 πῦρ
1002 3818 1074 3860 esse
1097 3799 1286 3861 distractum

169 3910 289 3976 monet,
312 3919 478 3961 assensum
501 3919 572 3960 esse
595 3901 722 3980 repperi
744 3908 873 3980 praeter
895 3889 1159 3982 Savelsbergium
1181 3901 1286 3976 (KZ.

167 4004 254 4077 XXI,
282 4003 362 4080 124),
390 4003 444 4081 qui
467 4009 610 4063 ceterum
632 3997 714 4085 πύϊρ
737 4023 810 4062 cum
832 3998 935 4078 θοιάς
957 4024 999 4064 ex
1021 4000 1110 4078 θοάς
1133 4005 1285 4066 distracto

166 4105 421 4186 comparandum
449 4122 520 4164 esse
547 4103 672 4165 iudicat.
719 4102 816 4184 Quod
842 4103 910 4166 fieri
937 4125 1141 4187 nequaquam
1168 4115 1286 4188 potest,

165 4207 430 4288 quandoquidem
448 4199 551 4279 θοιάς
568 4225 587 4266 a
609 4205 711 4266 verbo
729 4207 820 4270 θολοο
844 4210 881 4284 (v.
902 4206 1028 4270 Curtius
1047 4209 1147 4271 Verb.
1170 4210 1193 4282 Ι,
1213 4211 1285 4290 290)
