3042 4804
752 241 965 304 „30-

300 396 379 458 decl
399 417 443 458 ex
460 397 565 478 patrio
585 413 734 457 sermone
752 397 785 456 in
804 395 925 457 litteras
943 395 1108 458 induxisse
1126 394 1415 458 videnturiortasse

300 499 438 579 permoti
461 499 716 560 accusativorum
739 497 784 578 pl.
807 497 932 578 primae
953 495 1034 558 decl.
1056 497 1229 577 exemplis,
1251 517 1335 577 quae
1355 500 1416 560 iam

300 601 463 662 Hesiodus
487 609 519 662 et
540 598 703 686 Tyrtaeus
720 601 761 679 (4,
786 613 801 678 5
823 593 970 682 ὁιμιότᾶς
988 592 1122 682 ἄνδρας,
1145 614 1164 678 7
1188 595 1365 678 δεοπότᾶς)
1387 609 1416 662 et

300 703 442 766 Alcman
476 707 528 781 (33
554 699 641 765 πεδὰ
669 699 730 776 τὰς
756 688 886 783 τροπάς
912 711 946 763 et
973 700 1080 762 forsan
1108 703 1150 781 76
1179 693 1280 784 ὥρᾶς)
1306 721 1416 783 suppe

300 807 412 867 ditant

387 907 512 988 Quare
534 905 579 980 fit,
603 915 638 968 ut
661 905 902 978 ratiocinationi,
925 925 989 986 qua
1010 904 1181 966 Pindarum
1204 903 1331 968 Siculos
1352 907 1416 968 imi·
1490 855 1495 982 l

300 1018 404 1072 tatum
426 1016 542 1089 poetas
565 1007 636 1068 illos
659 1026 764 1070 accus.
787 1008 935 1087 posuisse
956 1009 1134 1080 statuimus,
1157 1007 1229 1088 plus
1251 1009 1327 1069 iuris
1348 1027 1417 1088 pro·

301 1111 541 1190 habilitatisque
559 1129 657 1189 quam
676 1107 899 1170 Ahrensianae
917 1109 962 1169 illi
985 1109 1089 1170 inesse
1111 1109 1256 1182 arbitrer,
1279 1112 1418 1171 maxime

300 1235 373 1276 curn
392 1211 595 1275 Stesichorus
618 1211 765 1274 choricae
787 1214 896 1292 poesis
913 1220 1081 1291 tamquam
1097 1212 1165 1274 dux
1183 1231 1240 1274 eos
1259 1213 1418 1292 scripserit

301 1316 521 1394 Pindarusque
544 1314 661 1375 diutius
683 1316 715 1375 in
738 1311 843 1375 Sicilia
865 1316 907 1374 sit
928 1323 1082 1377 versatus.

386 1416 452 1490 VI.,
473 1417 584 1497 Etym.
602 1416 646 1481 M.
669 1430 740 1495 703,
763 1417 804 1477 28
826 1415 919 1477 affert
941 1435 985 1476 ex
1000 1415 1102 1494 lbyco
1125 1414 1171 1495 (ir.
1190 1417 1240 1496 58)
1263 1416 1418 1496 glossam:

301 1521 438 1583 ποικίλα
449 1517 594 1603 ῥέγματα
604 1517 783 1599 explanans
801 1514 904 1601 ρἕμα
920 1536 1004 1579 voce
1021 1515 1133 1600 βάμμα
1150 1519 1168 1579 i.
1179 1537 1208 1582 e.
1226 1538 1419 1599 purpureum

301 1623 538 1684 vestimentum.
582 1621 694 1700 Atque
720 1620 783 1681 huc
810 1631 958 1702 spectare
983 1620 1111 1681 videtur
1132 1619 1277 1699 Hesychi
1299 1620 1419 1700 glossa:

174 1749 177 1756 ⁴
222 1789 224 1793 ,
302 1721 455 1806 <topaza-
482 1717 647 1805 βάμματα.
691 1719 788 1782 Cuius
814 1722 946 1801 quidem
973 1724 1063 1783 vocis
1093 1723 1189 1802 stirps
1221 1721 1279 1806 ῥεγ
1309 1724 1419 1803 (praes.

302 1822 386 1908 ῥέζω
404 1853 447 1874 --
463 1821 585 1902 βάπτω
603 1845 633 1887 v.
653 1821 741 1885 Curt.
763 1823 831 1885 Et*
857 1826 927 1902 185)
950 1826 982 1884 in
1000 1825 1115 1886 ceteris
1134 1824 1279 1886 dialectis
1296 1826 1419 1904 graecis

302 1927 489 1988 oblitterata
520 1929 552 1987 in
569 1924 766 1988 'Siculorum
798 1926 942 1988 dorismo
977 1925 1083 1986 adhuc
1112 1926 1240 1988 videtur
1273 1927 1420 2006 viguisse.
1496 2001 1498 2024 γ

302 2028 432 2090 Etenim
449 2049 491 2088 ex
500 2027 698 2108 Epicharmo
710 2027 842 2089 Photius
861 2037 894 2090 et
905 2026 1021 2090 Suidas
1039 2029 1170 2088 tradunt
1188 2026 1288 2112 ῥέξαι·
1306 2025 1420 2109 βάψαι,

302 2130 403 2192 Porro
425 2131 468 2192 ab
490 2130 541 2194 Et.
563 2129 607 2191 M.
630 2131 649 2191 l.
672 2151 697 2191 c.
719 2130 875 2191 traditum
897 2127 1008 2214 ῥαγεῑς
1025 2159 1067 2180 --
1083 2127 1194 2213 ῥηγεῖς
1215 2132 1234 2193 i.
1257 2149 1283 2193 e.
1307 2133 1422 2210 βαφεῖς

302 2232 445 2292 doricam
458 2232 568 2312 prodit
582 2232 749 2311 originem.
774 2229 926 2292 Ceterum
941 2231 1036 2292 valde
1049 2231 1126 2291 mihi
1138 2233 1258 2292 arridet
1266 2230 1422 2294 Ahrentis

301 2333 485 2394 coniectura
516 2335 548 2393 in
578 2331 656 2397 Sim.
689 2347 738 2413 37,
772 2350 807 2412 13
839 2329 1016 2418 (icypdrcuv
1045 2352 1105 2414 pro
1136 2335 1230 2397 codd.
1262 2330 1423 2418 ῥημάτων
1498 2385 1499 2400 ,

300 2437 407 2496 sensui
429 2453 544 2515 parurn
567 2444 653 2516 apto

386 2537 464 2612 Vll,
487 2538 606 2618 Ibycus
629 2547 712 2600 teste
734 2537 907 2600 Athenaeo
929 2536 966 2610 ΙΙ,
992 2551 1029 2616 57
1049 2537 1081 2598 D
1103 2557 1163 2617 pro
1186 2531 1261 2619 ᾠόν
1283 2537 1422 2600 iorrnam

302 2634 391 2704 ὤεον
413 2641 486 2719 (16),
520 2643 657 2701 eandem
691 2643 808 2702 eodem
835 2649 921 2701 teste
945 2639 1158 2719 Epicharmus
1187 2637 1221 2699 ir.
1256 2655 1313 2718 103
1342 2639 1422 2702 Ahr.

302 2752 489 2821 posuerunt;
511 2743 618 2822 itaque
641 2762 712 2803 earn
736 2743 761 2802 si
784 2761 849 2801 non
871 2761 930 2820 per
951 2750 1055 2802 totam
1078 2739 1239 2802 Doridem
1261 2743 1423 2808 mitiorem

302 2852 389 2903 certe
414 2845 445 2903 in
475 2841 656 2904 Siculorum
689 2862 841 2905 sermone
871 2863 929 2904 usu
960 2845 1086 2904 venisse
1115 2841 1335 2922 colligendum
1367 2853 1423 2905 est.
1499 2839 1500 2924 l

305 2943 379 3023 Qua
400 2947 433 3004 in
455 2947 645 3024 quaestione
668 2943 813 3007 conferas
836 2944 983 3025 Hesychi
1005 2945 1147 3025 glossam
1171 2939 1269 3024 αλβεα·
1289 2944 1333 3010 τὰ
1355 2941 1423 3010 ὠά·
1499 2943 1500 2948 ’

298 3039 446 3130 Ἀργεῖοι,

388 3149 483 3224 Vlss,
514 3149 549 3210 In
571 3149 712 3212 Timocr.
740 3148 761 3224 I,
789 3150 892 3211 6adi.
927 3145 1126 3227 σκυβαλικός
1156 3151 1304 3225 traditur,
1336 3151 1426 3231 quod

301 3271 375 3312 curn
398 3246 583 3335 ἀργυρέοισι
606 3255 832 3330 οκυβαλικοῑοι
853 3251 1008 3330 rhythmo
1030 3256 1219 3313 adversetur
1241 3272 1261 3312 a
1283 3252 1425 3333 Bergkio

302 3352 398 3414 allata
420 3354 565 3433 Hesychi
588 3355 699 3434 glossa
721 3352 902 3438 κοβηλικόν
924 3349 1056 3436 τρόπον
1081 3363 1170 3416 recte
1192 3355 1222 3414 in
1244 3351 1426 3433 κοβαλικός

303 3457 500 3516 emendatur.
547 3454 775 3536 Comparanda
807 3465 857 3517 est
879 3455 1088 3534 Hesychiana
1116 3475 1198 3535 quae
1221 3455 1426 3537 subsequitur

301 3558 412 3636 glossa
434 3553 642 3640 κυβηλιοτάς·
659 3558 715 3621 καὶ
738 3554 904 3635 κοβάλους
925 3557 981 3620 καὶ
1005 3557 1086 3634 (cod.
1112 3554 1184 3637 τὰς)
1206 3555 1425 3642 κακούργους,

305 3679 348 3720 ex
378 3679 442 3739 qua
470 3668 605 3741 apparet
632 3655 812 3738 κυβοιλικός
838 3660 924 3721 idern
953 3679 1025 3720 esse
1053 3661 1141 3738 quod
1168 3656 1348 3738 κοβαλικός
1377 3659 1426 3739 (cl.

303 3759 445 3838 Hesych.
468 3756 622 3840 κόβαλος·
640 3765 844 3843 πανοῦργος·
863 3763 1068 3843 κακοῦργος).
1109 3759 1313 3842 Conspicitur
1331 3764 1427 3843 igitur

303 3862 334 3922 in
353 3859 533 3940 κοβαλικός
550 3884 610 3945 pro
629 3864 745 3924 atticae
764 3863 891 3943 linguae
909 3887 928 3926 ο
947 3863 1067 3924 vocalis
1085 3886 1113 3937 ο,
1132 3864 1186 3943 qui
1204 3885 1280 3925 usus
1296 3865 1427 3926 doricae

303 3965 442 4026 dialecto
461 3966 695 4052 'adscribendus
719 3986 790 4027 esse
805 3967 940 4040 videtur,
963 3966 1227 4046 quandoquidem
1247 3965 1300 4028 vel
1318 3961 1427 4050 ὄνομα

303 4087 362 4147 pro
392 4060 499 4151 ὄνομα
524 4069 610 4148 apud
640 4067 747 4128 Dores
776 4066 870 4145 (Ahr.
899 4068 936 4142 11,
968 4069 1038 4148 123)
1066 4071 1098 4130 in
1129 4089 1187 4130 usu
1217 4068 1315 4132 fuisse
1337 4071 1427 4132 testi·

303 4170 419 4230 moniis
443 4168 657 4230 confirmatur.
