3042 4804
724 272 937 348 ,46-

272 443 303 503 in
325 437 476 506 κάπετον
500 441 548 519 (0.
561 439 654 514 VIII,
676 441 727 520 38)
746 439 873 502 Dorum
893 459 984 502 more
1002 460 1066 502 non
1085 441 1190 522 solum
1212 462 1391 524 apocopen,

271 545 449 606 sedetiam
473 541 638 606 elisionem
660 541 769 606 habet.
813 539 861 605 CI.
887 541 993 608 Alcm.
1017 546 1057 622 38
1079 543 1258 622 καβαὶνοον.

356 644 411 709 XI.
455 642 638 707 Simonides
666 644 799 726 perinde
826 651 924 723 atque
951 644 1031 725 epici
1059 653 1091 707 et
1113 644 1268 707 Pindarus
1291 649 1391 710 variat

270 767 361 810 usum
385 744 610 828 particularum
644 738 691 810 όν
722 744 769 824 (Ir.
796 759 821 825 5,
846 762 877 824 33
909 760 958 820 103
985 763 1034 824 143
1058 747 1088 825 8)
1112 755 1146 809 et
1167 747 1260 826 xilv)
1284 747 1320 810 Ir.
1344 763 1390 829 37,

268 867 301 927 43
327 862 379 929 55;
403 853 463 929 57).
507 848 634 910 Deinde
666 841 732 923 ἄν,
759 867 823 909 non
853 847 999 910 doricum
1025 871 1068 912 κα
1095 850 1306 930 conspicitur,
1339 851 1389 914 ubi

269 952 451 1032 adiungitur
482 949 756 1014 coniunctionibus
788 939 846 1014 ὅτε
874 957 906 1012 et
939 945 1060 1015 ὁπότετ
1099 949 1183 1013 Stes.
1218 969 1256 1030 33
1290 943 1390 1026 ὅταν;

271 1054 348 1119 Sim.
376 1071 411 1117 12
436 1049 576 1128 ὁπόταν,
602 1069 637 1131 31
665 1043 750 1116 ὅταν
773 1053 938 1133 (scriptura
960 1053 1075 1130 dubia).

354 1156 426 1221 XII.
470 1156 507 1220 In
537 1153 614 1218 Sim.
646 1169 695 1234 37,
728 1169 766 1215 10
788 1156 859 1217 cod.
887 1156 1013 1236 optimo
1045 1153 1147 1218 Guelf.
1173 1152 1389 1238 περιόντος

267 1277 328 1339 ριο
351 1253 605 1341 περιϊόντος,
636 1264 748 1318 contra
777 1256 807 1316 in
839 1256 968 1318 minoris
996 1254 1071 1318 fidei
1098 1257 1179 1337 Reg.
1206 1253 1391 1340 παριόντος
1503 1289 1504 1304 .

268 1359 390 1439 legitur.
423 1357 524 1422 Guell.
544 1353 726 1442 περιόντος
744 1357 841 1419 critici
865 1367 1055 1438 respuerunt
1073 1360 1104 1420 ni
1123 1357 1216 1420 Iallor
1233 1358 1390 1423 Ahrentis

268 1461 408 1538 (lament
431 1459 514 1526 Dan.
537 1461 575 1522 16
597 1462 656 1541 sq.)
679 1461 823 1522 maxime
846 1460 1043 1538 argumentis
1061 1461 1200 1541 permoti
1219 1469 1317 1541 atque
1340 1461 1389 1524 alii

268 1564 457 1643 scripturam
480 1563 563 1642 Reg.
590 1563 696 1624 sensui
722 1581 820 1642 aegre
849 1563 1092 1624 convenientem
1114 1557 1301 1646 παριόντος
1323 1564 1389 1626 'am-

268 1664 356 1747 plexi
374 1674 457 1743 sunt,
480 1664 534 1728 alii
553 1665 700 1727 Ahrente
718 1664 801 1726 duce
819 1662 915 1744 plane
938 1662 998 1725 alia
1015 1683 1075 1744 pro
1092 1665 1211 1726 tradito
1230 1664 1390 1726 vocabula
1504 1669 1505 1686 ¹

268 1776 514 1848 proposuerunt.
560 1767 765 1846 Argumenta
794 1785 872 1827 vero
896 1764 1050 1827 Ahrentis
1072 1773 1146 1828 sunt
1168 1765 1259 1828 haec:
1285 1765 1389 1852 ‘Errat

267 1866 530 1932 Schneidewinus
563 1867 671 1947 (Beitr.
710 1870 778 1946 125)
815 1887 914 1948 quum
949 1863 1129 1950 περιόντος
1160 1867 1298 1929 Aeolice
1329 1889 1388 1949 pro

266 1965 468 2054 ὑπεριόντος
490 1971 611 2032 dictum
633 1977 738 2051 putat;
762 1989 837 2030 nam
860 1968 972 2032 Aeolis
990 1965 1193 2052 περριόντος
1210 1967 1389 2050 postularet
1505 2021 1506 2042 ,

266 2093 325 2135 nec
357 2072 511 2136 credibile
542 2070 743 2134 Simonidem
775 2072 925 2134 interiore
960 2070 1014 2132 illo
1047 2069 1218 2133 Aeolismo
1257 2090 1387 2132 usurum

266 2175 371 2238 luisse.
415 2171 600 2258 Παριόντας
622 2193 700 2236 vero
723 2194 788 2235 non
810 2182 923 2254 posset
941 2174 1000 2234 nisi
1022 2173 1189 2235 Pindarico
1214 2193 1304 2234 more
1327 2193 1387 2254 pro

264 2274 458 2360 περιϊόντος
479 2277 621 2358 positum
639 2274 751 2337 haberi
769 2295 842 2338 cum
865 2276 989 2356 vulgari
1011 2274 1226 2337 circumeundi
1245 2276 1387 2336 notione.

265 2379 333 2441 lam
357 2399 435 2440 vero
458 2398 561 2458 neque
584 2373 663 2440 haec
685 2378 862 2440 sententiae
884 2376 944 2439 loci
977 2379 1127 2440 convenit
1154 2396 1258 2457 neque
1282 2374 1386 2458 Simo-

264 2481 372 2543 nidem
395 2501 535 2561 unquam
559 2480 726 2542 Pindarico
753 2479 807 2542 illo
836 2479 989 2542 idiomate
1011 2499 1103 2541 usum
1126 2499 1198 2540 esse
1219 2476 1387 2559 probabile

264 2578 329 2674 est?
378 2583 470 2666 Quae
496 2604 560 2664 quo
588 2586 655 2646 iure
682 2584 828 2645 statuerit
856 2603 936 2644 mox
953 2583 1134 2644 videbimus
1167 2574 1270 2643 allatis
1302 2601 1385 2660 quae

264 2686 325 2747 huc
347 2695 494 2766 spectant
517 2684 677 2766 exemplis
701 2684 859 2747 omnibus
904 2683 1039 2765 Saepius
1066 2703 1175 2764 praep.
1202 2683 1280 2765 περί
1302 2680 1386 2743 elisi·

263 2807 360 2848 onem
379 2787 580 2866 grammatici
599 2785 761 2848 ascribunt
776 2785 1003 2860 AeolensibuS,
1021 2784 1208 2862 Eustathius
1224 2784 1383 2859 (Prooem.

264 2887 425 2966 Pindn12)
454 2895 486 2948 et
513 2887 739 2962 DoriensibuS‚
772 2907 909 2968 quorum
938 2887 981 2949 illi
1003 2886 1141 2950 Lesbios
1170 2891 1299 2967 poetae,
1332 2882 1384 2945 hic

262 2990 433 3052 Pindarum
445 2989 604 3071 respicere
615 2991 771 3055 videntur.
795 2991 839 3052 Et
849 2989 986 3054 Lesbios
996 2998 1111 3071 poetas
1122 2997 1251 3070 praeter
1260 2987 1382 3050 formas

261 3091 371 3173 plenas
394 3111 458 3154 non
480 3091 585 3155 solum
608 3100 815 3175 apocopataS,
838 3095 883 3156 uti
901 3116 965 3176 περ
983 3097 1032 3157 oui
1049 3092 1121 3154 Alc.
1144 3107 1186 3172 74
1206 3089 1281 3169 (alia
1305 3109 1382 3154 exx.

261 3213 291 3257 v.
315 3193 397 3255 Ahr.
421 3194 444 3269 I,
470 3207 529 3274 130
551 3197 618 3274 sql,
641 3194 814 3258 sedetiam
833 3195 935 3270 elisas,
958 3215 1038 3276 quas
1060 3215 1079 3257 a
1101 3193 1220 3257 Lesbia
1243 3191 1381 3254 dialecto

261 3295 444 3360 abiudicare
466 3297 575 3358 studet
592 3295 722 3359 Ahrens
738 3299 773 3375 (I,
794 3299 833 3376 56
851 3317 899 3378 sq.
918 3297 959 3374 II,
983 3301 1064 3378 357),
1088 3295 1274 3359 exhibuisse
1295 3294 1381 3358 clare

259 3405 397 3460 testatur
414 3396 486 3461 Alc.
507 3413 549 3478 74
567 3396 651 3462 nixo
666 3421 703 3464 τε
721 3421 784 3482 περ
800 3403 850 3463 orzi
867 3396 925 3464 καὶ
942 3393 1017 3482 περ’
1043 3393 1176 3483 ἀτιμίας
1196 3402 1252 3478 (ex
1274 3396 1383 3479 splen·

259 3502 335 3562 dida
357 3499 476 3582 Bergki
498 3508 648 3581 rectaque
671 3501 896 3564 emendatione
917 3521 978 3582 pro
1001 3503 1095 3564 codd.
1117 3502 1295 3583 depravato
1310 3502 1380 3564 xut-

257 3623 320 3686 περ
332 3603 368 3682 ²9)
395 3596 559 3686 ἀτιμίαις).
620 3602 816 3684 Refringitur
846 3604 908 3666 iam
944 3602 1006 3666 hoc
1037 3603 1190 3685 exemplo
1222 3602 1378 3665 Ahrentis

257 3713 490 3783 argumentum,
513 3706 601 3786 quod
624 3706 789 3768 constituit
808 3703 960 3787 Sapphus
983 3727 1012 3768 v.
1027 3704 1192 3791 πέῤῥοχος
1212 3703 1260 3784 (fr.
1274 3705 1375 3785 92)³⁰)

326 3870 358 3932 ²9)
377 3877 458 3938 Atque
476 3876 623 3939 particulam
642 3890 731 3944 -περ
750 3877 830 3940 ipsam
849 3892 878 3925 ex
898 3875 966 3945 περί
982 3877 1134 3926 decurtatam
1160 3892 1213 3926 esse
1238 3883 1304 3926 recte
1328 3877 1375 3926 ob·

256 3942 364 3991 servavit
383 3943 503 4006 Hartung,
522 3943 647 3992 Partilreln
666 3944 687 4008 1,
705 3954 754 4007 327
773 3959 810 4008 sq.
850 3961 852 3967 ⁸

324 4007 357 4094 ΞΟ)
376 4009 448 4072 Quae
473 4011 568 4060 litterae
592 4027 609 4079 ρ
633 4012 773 4075 geminatio
800 4014 979 4076 praeteream
1006 4013 1103 4062 duabus
1127 4013 1239 4076 Hesychi
1267 4011 1372 4076 glossis:

257 4072 344 4197 &lli
384 4161 458 4210 αμος
476 4161 522 4212 pro
541 4143 672 4214 Πρίαμος
692 4147 820 4212 reperitur.
856 4150 917 4197 Arte
942 4164 998 4197 eam
1017 4164 1074 4197 cum
1094 4147 1225 4214 epenthesi
1243 4149 1374 4200 vocalisl

256 4221 394 4277 cognatam
413 4229 469 4262 esse
487 4219 589 4264 constat.
626 4218 659 4266 At
677 4216 870 4280 praepositionis
888 4215 956 4283 περί
978 4218 1003 4266 in
1022 4216 1090 4266 nulla
1108 4217 1191 4266 adhuc
1208 4231 1301 4280 graeca
1317 4216 1373 4266 dia·

336 4074 421 4214 έέειν
440 4070 592 4148 ὑπερέχειν
614 4087 638 4128 et
662 4073 872 4148 πεῤῥεθὴκατο·
892 4080 1088 4150 περιεθὴκατο
1114 4087 1138 4129 et
1165 4081 1228 4128 sorte
1255 4081 1281 4128 in
1309 4081 1372 4130 aeol.

365 4163 382 4215 θ

373 4139 381 4162 t
