3042 4804
675 273 865 334 „4-

212 430 288 513 τρία
310 423 528 514 Στησιχόρου)
551 428 708 508 reperisse
738 426 820 488 inter
848 445 962 488 omnes
984 434 1121 500 constat,
1153 443 1229 488 usos
1257 443 1328 488 esse

212 552 316 613 neque
338 531 380 594 ab
398 529 451 592 illo
475 529 667 592 discessisse.
702 526 792 591 Sicut
810 528 842 590 in
860 526 1010 609 strophis,
1032 528 1075 590 ita
1092 529 1125 590 in
1142 547 1177 590 re
1196 529 1329 590 metrica
1430 533 1433 538 '

212 635 295 696 inter
317 653 389 696 sese
411 632 613 713 conspirasse
635 637 749 712 poetas
771 629 917 692 choricos
943 628 994 692 vel
1021 649 1064 692 ex
1090 629 1216 692 traditis
1243 627 1327 710 frag-

215 737 331 798 mentis
353 735 532 816 percipitur.
1382 813 1386 826 Ι

295 837 426 916 Restat,
454 844 488 898 ut
511 835 682 898 Pindarum
698 825 811 898 ¹tribus
838 834 1040 915 potissimum
1071 834 1245 898 harmoniis
1276 833 1328 898 vel

211 941 317 1002 modis
340 948 373 1002 et
394 938 506 1000 dorica
527 946 559 999 et
585 937 706 1000 aeolica
733 945 765 1000 et
796 937 884 1018 lydia
910 956 970 1018 pro
997 937 1146 1000 carminis
1175 938 1328 1017 cuiusque

210 1041 318 1105 indole
339 1039 484 1119 (Boeckh
511 1039 598 1106 Pind.
621 1060 673 1121 op.
695 1048 775 1103 tom.
799 1040 820 1101 I.
843 1057 861 1101 2
884 1060 915 1121 p.
938 1043 1009 1119 213}
1031 1059 1124 1102 usum
1147 1059 1218 1102 esse
1239 1059 1327 1102 eom·

211 1165 438 1207 memoremus.
483 1142 557 1225 Qua
586 1145 617 1204 in
647 1163 682 1205 re
704 1140 905 1206 Simonidem
928 1151 1016 1205 certe
1036 1161 1110 1204 cum
1133 1161 1173 1204 eo
1195 1161 1328 1204 consen·

210 1249 292 1310 sisse
308 1247 439 1329 probari
457 1254 564 1328 potest
583 1248 623 1325 (v.
642 1243 841 1309 Schneidew.
857 1243 934 1308 Sim:
952 1264 1048 1307 carm.
1067 1243 1134 1307 rell.
1152 1264 1183 1326 p.
1200 1243 1245 1306 LI
1262 1251 1329 1325 sq).

211 1350 324 1430 Atque
345 1349 403 1412 has
425 1348 609 1411 harmonias
637 1347 688 1409 vel
716 1349 748 1409 in
776 1348 953 1410 carminum
979 1346 1151 1410 dialectum
1173 1349 1328 1427 quodam-

210 1453 311 1514 modo
333 1450 440 1513 valere
462 1449 627 1513 Hermann
649 1458 682 1512 et
697 1449 836 1512 ‘Boeckh
857 1451 1043 1515 docuerunt.

296 1552 420 1634 Quibus
443 1552 539 1614 rebus
562 1552 718 1632 expositis
741 1551 913 1614 dialectum
935 1551 1136 1613 choricorum
1159 1558 1328 1632 poetarum

173 1659 175 1662 ’
210 1675 304 1717 unam
333 1656 536 1735 eandemque
561 1672 635 1715 esse
663 1654 840 1717 credemus.
886 1653 934 1715 At
964 1651 1079 1716 multas
1105 1662 1214 1716 tamen
1241 1654 1327 1734 apud

210 1777 266 1819 eos
287 1744 383 1820 'offert
406 1754 611 1819 difficultates
634 1757 665 1818 id
689 1757 777 1836 quod
796 1755 856 1817 alia
874 1753 1055 1835 fragmenta
1076 1754 1118 1816 ab
1140 1755 1209 1816 aliis
1230 1755 1327 1836 serip-

210 1861 334 1922 toribus
356 1879 472 1940 prosae
495 1877 571 1920 suae
598 1858 734 1920 orationi
757 1859 923 1920 interiecta
944 1857 1131 1938 saepissime
1154 1856 1252 1932 mala,
1281 1859 1326 1919 in·

209 1962 340 2024 terdum
355 1961 526 2042 pessima³)
545 1968 676 2022 utuntur
694 1961 889 2023 condicione
917 1959 1003 2022 Nam
1021 1958 1172 2022 nonnulla
1187 1958 1327 2032 frustula,

209 2065 398 2144 praesertim
429 2083 512 2144 quae
542 2063 770 2127 sententiarum
793 2072 917 2124 tantum
944 2062 1046 2142 gratia
1073 2061 1326 2142 apponebantur,

210 2187 252 2228 ex
275 2166 431 2228 memoria
440 2168 465 2240 ⁴)
487 2166 575 2228 libris
597 2175 743 2228 veterum
765 2167 883 2226 inserta
905 2183 977 2225 esse
998 2162 1153 2224 videntur.

264 2303 266 2308 ,
293 2268 405 2348 Itaque
428 2287 500 2329 cum
523 2287 588 2329 non
611 2286 729 2348 magna
751 2267 887 2329 traditae
909 2267 1083 2347 scripturae
1105 2263 1187 2328 fides
1210 2265 1251 2326 sit
1272 2263 1326 2327 ha-

213 2369 334 2447 benda,
357 2388 488 2432 necesse
511 2378 573 2445 est,
595 2389 614 2431 a
637 2369 771 2432 vocibus
794 2389 876 2450 quae
894 2376 997 2431 certas
1015 2365 1184 2449 perhibent
1206 2366 1326 2430 formas

209 2471 390 2534 dialecticas
412 2473 669 2553 progrediamur,
692 2481 727 2534 ut
753 2472 920 2552 quomodo
942 2469 1021 2532 falsa
1042 2469 1171 2532 traditio
1192 2471 1234 2532 sit
1256 2489 1325 2532 cor·

208 2574 342 2655 figenda
363 2574 447 2636 viam
472 2576 692 2654 rationemque
714 2574 927 2654 exquiramus.

298 2674 390 2758 Quae
415 2677 546 2757 quidem
576 2675 702 2738 dialecti
729 2684 876 2738 accurata
905 2675 1065 2756 inquisitio
1088 2694 1128 2737 eo
1151 2674 1253 2755 magis
1276 2683 1325 2738 est

211 2780 367 2859 optanda,
397 2780 549 2857 quoniam
571 2797 649 2858 prae
675 2779 788 2839 ceteris
810 2775 1010 2839 Simonidem
1032 2775 1325 2858 Bacchylidemque

209 2881 393 2941 criticorum
428 2881 604 2942 recentium
640 2879 730 2941 alteri
760 2877 1010 2957 (Schneidewin,
1044 2876 1189 2953 Boeckh‚
1220 2877 1325 2944 Neuel

205 3001 281 3043 cum
312 2981 450 3044 Pindaro
481 2982 512 3042 in
545 2982 694 3044 dorismis
729 2991 761 3043 et
798 2980 958 3044 aeolismis
997 2980 1190 3042 asciscendis
1226 2999 1324 3060 quam

207 3085 350 3145 maxime
373 3085 559 3164 congruisse
583 3103 714 3146 necesse
736 3101 807 3146 esse
829 3081 964 3164 professi
993 3082 1023 3143 in
1052 3101 1162 3144 eorum
1185 3081 1323 3163 reliquiis

206 3187 451 3266 congruentiam
473 3184 653 3266 ubicunque
675 3205 695 3247 a
716 3184 856 3247 Pindaro
879 3183 1105 3265 discrepabant
1127 3185 1203 3245 data
1224 3203 1323 3264 opera

207 3288 397 3350 coniecturis
420 3286 560 3364 efficere,
590 3287 680 3350 alteri
702 3307 781 3349 vero
803 3306 885 3366 quos
913 3286 999 3348 ducit
1020 3286 1150 3348 Ahrens
1171 3284 1269 3362 (verb.
1293 3287 1324 3346 d.·

207 3388 295 3452 Gott.
317 3388 395 3450 Phil.
418 3385 512 3466 vers.)
538 3409 612 3451 cum
639 3388 780 3470 Bergkio
810 3388 968 3451 eiusmodi
997 3407 1188 3450 consensum
1219 3387 1321 3450 chori-

206 3511 319 3554 corum
342 3491 503 3571 denegare
526 3491 722 3554 studuerunt.

274 3745 294 3812 ³)
313 3747 441 3797 Nonnulla
476 3749 649 3798 tantummodo
675 3737 808 3795 manifesta
835 3752 966 3810 corruptae
991 3745 1091 3808 linguae
1116 3745 1234 3810 exempla
1262 3762 1321 3811 pro·

205 3817 480 3934 pensitat-..t
498 3805 849 3934 dissultans
865 3807 1321 3944 latitudinum

206 3899 299 4001 hacch.
325 3965 355 4016 13
375 3951 519 4019 χαλκαὶαν
542 3951 584 4001 vel
605 3945 730 4019 χαλκέαν
752 3966 798 4025 prp
820 3918 961 4016 xhlaso‘tm
986 3962 1020 4012 34
1046 3898 1194 4002 detxellhlv
1217 3922 1321 4034 (Euseb’.

204 4019 300 4085 codd),
319 4013 367 4073 ἀεὶ
385 4020 434 4072 καὶ
453 4019 518 4072 λίαν
533 4017 720 4084 (Clemdlex.)
737 4033 784 4082 pro
802 4011 965 4081 ἀεικελιᾶν,·
981 4017 1077 4082 Ibyc.2
1096 4007 1194 4083 ὅστις,
1212 4022 1320 4082 adadu,

105 4139 107 4144 ,
204 4086 287 4150 θεοῖς
296 4089 399 4150 (Procl.)
407 4105 453 4154 pro
469 4079 554 4151 ὥστε,
572 4081 676 4152 ἀέκων,
693 4086 793 4152 dome,-
810 4087 875 4137 Stes.
886 4096 899 4148 7
910 4091 977 4140 τιῖεν
994 4101 1041 4151 pro
1059 4091 1158 4152 nivem
1174 4087 1253 4136 multa
1263 4086 1319 4138 alia.

274 4156 296 4217 4)
316 4156 437 4205 Conferas
455 4163 553 4220 praeter
571 4161 654 4205 cetera
672 4155 734 4206 Sim.
753 4155 781 4203 fr.
803 4165 840 4219 15.
860 4165 900 4218 25.
919 4165 959 4217 47.
979 4164 1019 4218 54.
1038 4167 1078 4218 70.
1097 4155 1187 4204 Bacch.
1206 4171 1222 4220 9
1247 4154 1318 4218 Ibyc.

207 4235 246 4274 11.
268 4224 308 4273 26.
327 4225 390 4275 Stes.
412 4235 433 4272 1.
452 4235 475 4272 2.
493 4237 527 4286 49
545 4223 577 4273 al.

495 4373 506 4404 h
