3042 4804
681 260 893 319 ...16-

228 421 384 512 ἀγκύλης)
424 446 487 488 non
523 426 664 508 positum
700 428 845 489 videmus
877 427 934 488 nisi
968 450 996 512 η.
1047 425 1143 509 Quod
1177 436 1346 508 utrumque

229 527 444 609 fragmentum
476 547 549 589 cum
580 529 744 608 ceteroqui
775 547 880 608 neque
913 529 1068 592 aeolicam
1107 549 1166 591 nec
1203 529 1345 592 doricam

228 629 326 692 ullam
365 629 478 692 offerat
514 628 651 692 formam
686 639 719 692 et
756 638 924 711 praeterea
944 618 1064 692 'metro
1095 651 1114 694 a
1145 630 1345 712 choricorum

229 733 405 794 carminum
449 732 558 794 metris
602 729 787 822 abhorrenti
832 730 994 794 trochaico
1038 734 1080 796 sit
1120 734 1345 813 conscriptum,

228 835 292 896 iam
334 831 426 897 Neue
470 840 567 912 atque
612 831 720 915 Bergk
759 833 992 896 'concluserunt
1039 833 1267 915 Bacchylidem
1315 835 1345 894 in

229 935 398 998 trochaicis
410 935 445 1011 16)
479 935 621 998 versibus
651 935 747 998 attica
780 934 916 998 dialecto
953 955 1024 999 esse
1055 956 1161 1010 usum,
1195 937 1344 1016 equidem

229 1039 361 1099 atticam
383 1038 475 1119 epica
497 1046 695 1118 temperasse
722 1036 771 1114 (cl.
796 1031 975 1102 ἀντείνασα
997 1053 1039 1116 24
1064 1038 1281 1103 Βοιωτίοισιν
1310 1036 1346 1102 ἐν

230 1134 407 1216 σκύφοισιν
426 1141 478 1215 28)
500 1140 606 1202 dicere
629 1137 744 1202 malim.
781 1139 1013 1202 Verumtamen
1035 1141 1151 1202 nonin
1175 1139 1344 1203 trochaicis

229 1241 374 1302 versibus
406 1261 479 1304 euin
511 1241 600 1315 solis,
632 1242 690 1303 sed
718 1243 850 1303 omnino
876 1243 908 1304 in
931 1240 1122 1304 carminibus
1145 1249 1344 1305 catervarum

230 1345 397 1405 concentui
419 1363 483 1405 non
503 1344 668 1406 destinatis
686 1343 843 1424 triplicem
862 1343 989 1408 dialecti
1005 1344 1179 1406 mixturam
1199 1343 1345 1406 omisisse

232 1455 264 1506 et
286 1446 415 1507 atticam
438 1453 562 1508 tantum
594 1465 666 1508 cum
694 1446 784 1525 epica
808 1446 971 1508 miscuisse
994 1444 1153 1508 affirmare
1176 1444 1344 1526 fragmenti

230 1561 268 1626 27
292 1549 447 1628 scriptura
470 1548 546 1610 mihi
568 1550 701 1610 videtur.
737 1547 819 1610 Illud
837 1567 914 1610 vero
933 1567 1062 1610 carmen
1080 1549 1121 1610 ad
1145 1556 1344 1611 catervarum

232 1657 421 1710 concentum
444 1651 660 1731 compositum
683 1669 747 1710 non
770 1648 867 1711 luisse
890 1658 923 1711 et
941 1658 1165 1728 argumentum
1184 1659 1217 1712 et
1235 1648 1345 1729 rhyth-

229 1751 312 1812 mica
340 1754 533 1832 compositio
562 1753 792 1814 demonstrant.
836 1748 979 1832 Stropha
1007 1751 1092 1816 enim
1118 1760 1346 1832 quaternorum

229 1873 377 1915 versuum
402 1872 531 1934 semper
552 1873 683 1934 prorsus
705 1872 816 1933 parem
839 1853 959 1934 excipit
976 1853 1144 1934 stropham
1162 1855 1193 1916 in
1212 1853 1345 1915 modum

229 1954 400 2017 scoliorum
437 1953 488 2018 vel
523 1955 715 2018 eroticorum
753 1955 983 2036 Anacreontist
1037 1954 1072 2016 ln
1108 1964 1201 2018 textu
1238 1965 1345 2018 autem

231 2056 384 2120 librorum
406 2056 509 2119 nullae
532 2055 655 2120 formae
677 2078 736 2120 nec
758 2058 887 2120 doricae
906 2037 1009 2139 ne'que
1026 2057 1165 2120 aeolicae
1177 2057 1213 2137 17)
1235 2077 1345 2120 occur·

231 2169 303 2221 runt
325 2160 382 2220 nisi
405 2162 436 2222 in
458 2160 546 2223 initio
569 2168 618 2222 ter
642 2175 660 2220 α
685 2159 731 2220 in:
759 2153 906 2242 ἀνάγκα,
934 2168 967 2220 at
996 2161 1061 2221 duo
1084 2160 1178 2223 codd.
1201 2152 1344 2244 ἀνάγκη,·

229 2261 392 2346 σευομένα
417 2261 521 2341 (Blass
557 2263 588 2322 iii
617 2260 660 2322 M.
693 2259 755 2325 Rh.
783 2261 901 2336 XXIX,
940 2264 997 2340 158
1029 2264 1212 2344 σεοομενᾶν
1241 2262 1344 2339 coni.);

229 2358 457 2447 ἀμμιγνυμένα
479 2360 625 2440 (Boeckh
652 2365 733 2426 coni.
755 2357 1018 2447 ἀμμιγνυμένας).
1064 2361 1199 2426 Ceterae
1221 2364 1343 2425 formae

230 2465 426 2529 dialecticae:
460 2460 653 2550 αἰγλάεντα,
694 2469 790 2543 νᾶες,
824 2465 1058 2549 μαρμαίροισιν
1094 2465 1136 2528 ab
1166 2465 1343 2528 editoribus

228 2566 332 2629 Neuio
356 2577 388 2629 et
410 2567 550 2646 Bergkio
573 2567 705 2632 demum
728 2567 833 2630 illatae
855 2581 934 2630 sunt.
978 2565 1026 2628 At
1044 2565 1205 2647 Bergki0,
1235 2568 1261 2630 si
1283 2565 1343 2629 sibi

230 2679 403 2743 constaret,
434 2670 551 2751 pariter
573 2670 604 2730 in
626 2691 654 2735 v.
682 2685 720 2730 io
742 2662 871 2752 ἀγοισιν
897 2690 956 2751 pro
986 2670 1080 2731 codd.
1112 2661 1248 2752 ἀγουσιν
1276 2676 1343 2732 erat

228 2771 439 2834 scribendum.
484 2771 631 2852 Denique
661 2770 781 2834 formas
814 2771 962 2851 vulgares
994 2767 1144 2848 πόλεων,
1175 2765 1343 2856 κρήδεμνα

228 2877 267 2953 (v.
289 2875 321 2950 6)
344 2882 454 2936 neuter
476 2873 589 2952 tetigit.
636 2871 708 2954 Qua
730 2893 773 2936 ex
794 2894 829 2935 re
851 2882 993 2955 apparet,
1015 2892 1112 2953 quam
1135 2873 1343 2936 vehementer

227 2995 286 3037 nec
308 2976 369 3038 sibi
391 2983 575 3038 constantes
598 2975 695 3038 critici
718 2976 749 3036 in
770 2975 833 3036 hoc
855 2973 1037 3054 fragmento
1059 2975 1122 3036 sint
1137 2976 1282 3054 grassati.
1301 3009 1343 3020 —

227 3077 301 3140 Mea
323 3078 453 3157 quidem
475 3077 631 3140 sententia
647 3096 687 3138 eo
710 3096 838 3157 quoque
853 3075 1066 3162 confirmatur,
1084 3078 1171 3157 quod
1187 3078 1219 3138 iri
1237 3076 1342 3139 scoliis

227 3188 260 3242 et
289 3179 526 3242 Timocreontis
552 3179 580 3259 (f
592 3227 599 3242 .
629 3182 659 3257 8)
689 3187 721 3242 et
747 3176 904 3244 Praxillae
931 3175 977 3256 (ir.
1006 3195 1036 3257 33
1063 3179 1106 3257 4.)
1136 3173 1343 3240 consimiliter

229 3281 314 3344 nulla
336 3281 483 3344 choricae
506 3280 630 3344 dialecti
652 3281 758 3344 insunt
780 3281 930 3361 uestigia;
952 3299 1027 3342 nam
1046 3281 1076 3342 in
1092 3280 1184 3342 Prax.
1204 3297 1220 3359 3
1245 3274 1340 3363 ὀλίγοι

227 3403 286 3465 pro
318 3377 412 3467 ὀλίγη
439 3391 471 3445 et
502 3384 533 3444 in
555 3382 694 3445 Timocr.
718 3385 736 3445 8
759 3381 810 3444 iris.
833 3385 983 3466 φανῆμεν
1008 3381 1115 3459 (codd.
1145 3377 1341 3467 φανήμεναι)

296 3532 327 3597 ¹⁶)
344 3538 458 3586 Eandem
478 3537 502 3584 iii
522 3537 625 3585 modum
643 3535 752 3586 Praxllla
775 3537 801 3584 in
827 3535 992 3599 dithyrambis
1010 3531 1049 3600 (ir.
1072 3547 1081 3582 1
1103 3541 1126 3583 et
1145 3540 1177 3596 2),
1196 3540 1280 3598 utpote
1298 3535 1341 3598 qui

227 3607 398 3669 discrepantes
424 3622 439 3654 a
462 3606 578 3655 choricae
599 3605 683 3669 poesis
705 3605 801 3653 ratione
823 3604 935 3653 versibus
962 3609 1044 3652 essent
1066 3603 1200 3667 conscripti
1226 3603 1341 3667 heroicis,

227 3689 277 3723 non
296 3674 393 3730 dorica,
413 3674 458 3722 sed
475 3675 571 3722 sincera
589 3674 661 3738 epica
678 3672 786 3721 dialecto
809 3677 845 3720 est
863 3687 915 3722 usa.
952 3671 1008 3734 Qua
1031 3671 1132 3734 quidem
1155 3672 1261 3720 metrica
1287 3672 1340 3720 dia-

226 3742 364 3805 lecticaque
391 3743 487 3791 ratione
513 3743 620 3806 hymnus
646 3741 672 3790 in
696 3740 854 3804 Neptunum,
881 3740 924 3804 qui
950 3739 1027 3801 vulgo
1050 3739 1138 3787 Arioni
1165 3739 1341 3798 ascribebatur,

228 3811 325 3874 spurius
343 3816 428 3874 aperte
447 3810 577 3860 indicatur.
612 3810 712 3858 Etenim
736 3815 843 3857 metrum
866 3815 903 3857 est
925 3807 1084 3856 choricorum
1107 3808 1259 3870 carminum,
1286 3807 1340 3856 dia-

229 3878 307 3927 lectus
327 3894 386 3927 vero
405 3879 428 3927 ei
446 3893 570 3943 repugnas
589 3877 671 3926 Attica
689 3873 849 3940 (Πόσειδον,
868 3876 963 3942 θῆρες,
981 3871 1142 3943 χορεύουσι,
1160 3872 1340 3942 φιλόμουσοι,

229 3938 265 4009 οἵ,
284 3941 365 4026 νεώς,
383 3940 493 4026 ἀστιμῆξ
519 3942 570 4010 εἰς,
588 3945 722 4024 μαιῆοχε),
741 3959 804 4028 quae
823 3944 914 4008 pariter
932 3947 1006 4026 atque
1025 3943 1049 3990 in
1073 3943 1228 4028 tragicqrum'
1239 3943 1341 3992 canticis

226 4031 312 4080 paucis
331 4021 354 4064 et
372 4021 508 4063 notissimis
526 4015 612 4062 formis
631 4013 723 4092 doricis
742 4010 920 4095 (Αμφιτρίτα,
943 4011 1046 4074 αλμαν,
1068 4027 1131 4089 γαν,
1155 4025 1255 4091 uncas,
1274 4011 1341 4078 γλα-

227 4087 331 4152 φυρᾶς,
349 4087 458 4152 κονρᾶν
475 4081 558 4141 θεᾶν)
576 4089 601 4130 et
619 4097 696 4144 epicis
715 4081 869 4148 (κονφοισι,
887 4084 1027 4148 κνρτοῑσι,
1046 4072 1098 4142 ἐνί)
1118 4081 1340 4129 intermiscebatur.

297 4149 328 4213 Ι7)
345 4151 412 4200 Nam
431 4146 559 4217 θάλαμοι
577 4147 661 4212 (codd.
686 4165 764 4213 prave
787 4145 924 4214 θάλπησι)
948 4162 998 4195 non
1017 4146 1152 4212 aeolicum,
1179 4148 1224 4197 sed
1242 4148 1338 4212 epicam

228 4220 334 4270 formam
353 4235 414 4283 esse,
433 4218 498 4266 inira
516 4217 537 4281 (h
557 4219 597 4280 ιο)
617 4218 833 4267 demonstrabitur.
